2918 4794
100 268 102 275 ¹
175 278 216 342 58
666 303 807 345 eaouovr

174 449 367 510 baeterrarum,
385 452 476 498 arcessi
493 461 549 514 post
566 452 755 515 inquisitionem
773 454 920 517 diligentem
938 454 964 502 iu
976 455 1064 517 patriis
1077 455 1179 504 illorum
1190 456 1294 518 suetam,

176 535 218 595 qui
234 532 266 581 de
283 533 413 583 levissimis
429 537 552 598 pecuniae
569 538 682 597 summis,
703 540 797 587 nedum
815 538 846 585 de
862 539 915 587 vita
931 545 956 587 et
973 540 1062 602 capite,
1083 541 1134 588 siut
1149 540 1294 591 iudicaturi.

175 615 274 666 Seneca
285 617 330 666 lib.
343 621 367 667 8.
380 620 411 667 de
423 619 461 668 ira
473 633 527 682 cap.
540 626 573 669 33
587 617 639 681 [l]:
651 619 756 669 Euocatr'
772 638 785 669 e
803 620 936 685 lonqinquis
952 622 1086 684 reqioaibue
1101 621 1191 672 iudicer
1205 623 1294 683 sedant,

174 698 403 761 iudicaturi‚·utriue
419 701 503 750 iustior
518 703 624 751 auaritia
639 705 677 754 eit.
700 704 750 756 Ubi
769 708 879 755 ostendit
895 707 1004 769 Lipsius,
1022 707 1073 755 hoc
1090 708 1167 757 Plinii
1183 724 1210 757 se
1226 720 1294 758 recte

173 785 277 848 cepisse,
295 787 409 848 quamvis
424 786 527 837 Pithoei
541 797 624 850 partes
641 797 768 852 sequatur.
791 790 857 839 Num
873 799 899 839 et
915 792 984 841 addit
1001 805 1034 839 ex
1046 791 1089 839 lib.
1102 798 1144 852 33,
1158 797 1169 840 l
1185 789 1221 853 [7,
1235 791 1293 856 30]=

173 866 273 917 mudum
289 869 420 932 prouinciis
435 868 471 917 ad
485 870 528 920 loc
545 887 627 920 munus
643 871 761 921 aduncis.
785 875 883 924 Eodem
900 875 1042 937 respexisse
1058 874 1166 925 Latinus
1182 877 1293 928 Pacatus

172 960 257 1018 potest
276 955 354 1003 videri
375 955 402 1003 in
421 956 580 1019 Panegyrico
602 954 637 1018 [4,
657 954 697 1018 o],
721 958 763 1006 ubi
784 959 872 1006 laudes
888 959 1027 1021 Hispaniae
1047 961 1204 1022 perstringit:
1223 960 1294 1010 Haec

172 1034 310 1085 derudatas
321 1036 413 1099 milites,
431 1037 490 1086 iaec
507 1038 718 1102 eapuieutiesimus
734 1038 811 1102 duces,
829 1040 887 1090 iaec
894 1040 1086 1105 facundissimos
1103 1050 1216 1106 oratores,
1234 1043 1294 1092 iaec

172 1118 316 1169 abrasimus
331 1129 397 1170 vates
409 1123 490 1185 parit:
511 1121 569 1171 iaec
584 1122 687 1172 iudicum
704 1133 786 1185 mater,
805 1124 863 1173 haec
871 1126 1015 1189 principum.
1039 1127 1184 1186 Mittuntur,
1200 1127 1291 1189 inquit,

171 1206 198 1254 in
218 1207 339 1269 cuiusque
359 1207 476 1269 patriam,
498 1209 540 1271 qui
562 1209 704 1270 explorent,
725 1224 775 1270 qua
795 1208 863 1258 fama
884 1221 910 1259 et
930 1210 1119 1259 existimatione
1136 1212 1194 1270 tint,
1215 1225 1293 1272 quam

171 1289 341 1351 municipibus
357 1290 409 1339 suis
426 1292 534 1354 probati.
556 1293 616 1340 Non
633 1293 699 1339 euim
717 1299 816 1341 tantum
832 1307 865 1341 ex
881 1294 944 1341 urbe
960 1295 1094 1356 capiuntur
1109 1301 1135 1342 et
1145 1293 1229 1352 Italia,
1247 1295 1292 1342 sed

172 1386 205 1421 ex
221 1374 338 1423 omnibus
354 1383 492 1423 evocantur
506 1376 606 1437 imperii
620 1377 740 1438 partibus,
757 1377 800 1438 qui
813 1379 842 1426 de
855 1379 962 1440 pecnnia
973 1379 1086 1426 iudicent
1096 1391 1148 1426 uon
1161 1391 1255 1438 magua
1266 1387 1293 1426 et

171 1468 355 1519 nonuunquam
375 1469 480 1507 nummo
500 1459 614 1507 sestertio
635 1459 742 1508 addictis
762 1468 788 1508 et
808 1461 966 1523 mancipatis.
992 1461 1070 1522 Ergo,
1090 1459 1139 1517 Qui
1154 1459 1183 1507 de
1199 1475 1292 1508 nummo

171 1537 265 1599 iuducet,
278 1548 360 1589 estex
371 1540 478 1589 minimo
491 1541 608 1603 exemplo
622 1542 757 1603 descriptio
770 1541 880 1590 iudicum
892 1544 919 1590 in
932 1545 1020 1606 quavis
1032 1544 1077 1593 lite
1087 1545 1194 1607 privata
1206 1544 1292 1606 Pergit

171 1631 271 1672 auctor:
290 1622 319 1671 cie
330 1622 402 1671 exilio
413 1638 468 1670 uero
480 1639 525 1670 uon
537 1622 585 1670 nisi
595 1622 633 1670 die
645 1622 826 1687 quadraqesimo
838 1624 939 1687 quinque
951 1625 1029 1674 electr's
1041 1625 1098 1674 viria
1109 1624 1181 1674 datur
1194 1625 1291 1675 tabella.

170 1709 330 1772 Ignoscimus
346 1720 372 1757 et
390 1708 431 1756 hic
442 1693 561 1770 Aquaeo,
579 1709 618 1756 cui
638 1705 727 1755 tabella
744 1715 922 1758 testamentum
939 1718 984 1770 est,
1003 1711 1056 1759 sive
1073 1712 1215 1760 testamenti
1230 1712 1292 1760 scri·

170 1804 255 1857 ptura:
273 1793 403 1842 nesciebat
417 1793 485 1840 enim
502 1792 533 1840 de
548 1792 672 1841 iudicibus
688 1793 739 1852 agi.
762 1794 922 1854 Ignoseimus
934 1794 963 1842 P.
976 1792 1094 1852 Pithoeo,
1112 1795 1155 1857 qui
1170 1795 1290 1843 iudicium

170 1879 360 1943 quinquevirale
376 1878 402 1926 iu
415 1876 479 1927 Cod.
492 1877 631 1925 Theodosii
647 1875 776 1926 inventum
795 1876 839 1939 (de
852 1892 902 1940 quo
914 1879 991 1926 Plinii
1008 1893 1070 1928 aevo
1088 1892 1162 1927 neruo
1176 1879 1290 1927 somnia·

169 1963 218 2026 vit)
234 1965 285 2011 huc
301 1963 418 2020 retrahit,
438 1968 463 2008 et
479 1963 522 2010 Fr.
534 1958 630 2019 Iureto,
648 1959 690 2023 qui
708 1961 740 2008 ad
759 1960 906 2023 Symmachi
923 1961 967 2009 lib'.
980 1966 1003 2009 2.
1022 1976 1061 2023 ep.
1075 1966 1119 2022 tt,
1132 1963 1222 2024 prioris
1238 1963 1289 2010 edi·

170 2049 245 2098 tionis
261 2048 313 2095 hoc
328 2046 429 2108 quidem
447 2045 514 2092 tollit
531 2044 659 2103 iudicium,
679 2045 722 2092 sed
739 2045 901 2094 commendat
919 2046 992 2093 nobis
1005 2059 1018 2092 e
1031 2045 1119 2094 codice
1132 2045 1158 2094 S.
1170 2045 1288 2106 Benigni,

170 2135 238 2197 quod
254 2130 382 2193 explicare
397 2129 452 2191 ipsc
468 2142 522 2175 uon
537 2135 648 2190 poterat:
667 2142 712 2174 uon
728 2126 776 2174 aiei
792 2125 821 2174 de
836 2127 924 2199 XLV
936 2126 1014 2175 electis
1030 2128 1099 2177 uiris:
1117 2138 1207 2177 neuter
1221 2129 1305 2177 euim'

171 2216 301 2265 meliorem
318 2213 468 2275 scripturam
484 2212 589 2260 viderat.
611 2210 773 2272 Ignoscimus
788 2219 816 2259 et
826 2212 1001 2274 Dalecampio‚
1021 2212 1064 2275 qui
1081 2212 1143 2261 vidit
1154 2211 1222 2260 hane
1235 2212 1289 2273 qui·

169 2302 226 2349 dem
244 2307 269 2347 et
283 2298 402 2362 prodidit,
418 2298 462 2345 sed
479 2302 607 2344 assecutus
623 2310 677 2344 nou
693 2304 739 2355 est,
757 2302 782 2343 et
797 2297 881 2358 potius
893 2296 983 2345 habuit
995 2310 1028 2344 ex
1039 2297 1149 2346 Pithoeo
1162 2299 1288 2358 quaedam
1309 2342 1314 2352 ,

169 2383 236 2433 male
251 2389 313 2430 nata
329 2382 400 2445 peius
417 2378 572 2440 describere,
588 2380 659 2428 velut
675 2381 724 2429 hos
741 2381 919 2443 quinqueviros
936 2388 1032 2430 certum
1048 2381 1224 2442 magistratum
1236 2393 1288 2427 nou

169 2469 258 2527 fuisse,
277 2474 305 2514 ut
324 2464 514 2514 triumvirorum
530 2463 686 2526 capitalium.
714 2462 793 2524 Quasi
810 2478 869 2513 vero
887 2473 1001 2526 tempore
1018 2463 1095 2513 Plinii
1116 2462 1187 2511 iudea
1207 2464 1289 2525 magi·

168 2558 261 2603 stratus
281 2563 376 2599 nomen
396 2547 472 2596 faerit
491 2548 544 2596 sire
560 2547 621 2596 certi
639 2548 691 2596 sive
706 2547 803 2597 incerti.
830 2546 998 2597 scribendum
1015 2556 1101 2596 autem
1118 2561 1132 2595 e
1149 2546 1250 2596 Ghiilet
1263 2557 1289 2625 οξ

169 2635 307 2686 Vossianus
326 2630 355 2678 de
371 2628 441 2678 exilio
456 2645 511 2677 vera
528 2645 574 2677 unu
590 2629 639 2678 uist'
652 2630 740 2679 XLV
752 2629 831 2678 electis
847 2631 905 2679 vireis
921 2628 993 2678 datur
1005 2627 1101 2679 tabella.
1122 2629 1250 2680 Nimirum
1261 2630 1288 2676 iu

169 2719 275 2780 siugulis
292 2715 481 2778 quaestiouibus
501 2714 617 2762 definitus
637 2720 691 2761 erat
708 2728 828 2762 numerus
846 2715 969 2774 iudicum,
991 2722 1054 2777 quot
1069 2716 1156 2763 sedere
1172 2714 1199 2761 iu
1216 2720 1288 2762 reum

169 2806 304 2866 oporteret.
326 2798 385 2846 Huc
402 2795 529 2859 pertinent
544 2796 653 2845 Asconii
668 2797 695 2844 in
712 2797 783 2847 Orat.
800 2812 845 2860 pro
863 2797 959 2847 Scauro
978 2796 1049 2859 [Vol.
1062 2798 1095 2847 V.
1113 2798 1142 2846 P.
1155 2795 1190 2844 Π.
1208 2809 1232 2858 p.
1246 2801 1287 2845 80.

169 2881 272 2944 Orell.]:
295 2878 430 2931 Sententiae
451 2877 553 2927 tulerunt
572 2887 691 2928 senatores
712 2879 758 2928 duo
778 2889 800 2929 et
817 2881 884 2941 XX,
906 2881 994 2943 equites
1014 2888 1061 2928 tres
1076 2887 1099 2927 et
1115 2880 1182 2941 XX,
1202 2878 1291 2927 tubum

169 2964 262 3014 uaurii
271 2964 333 3015 XX
339 2964 370 3014 V:
388 2978 417 3011 ex
429 2962 512 3026 quibus
524 2961 697 3011 damnaverunt
711 2971 830 3012 senatores
842 2973 949 3026 quatuor,
966 2964 1053 3027 equites
1065 2962 1118 3024 duo,
1136 2961 1223 3011 inbuti
1233 2960 1287 3010 duo.

169 3051 289 3100 Eiusdem
306 3063 354 3125 pro
366 3047 464 3105 Milone
482 3045 554 3108 [Vol.
567 3048 601 3099 V.
613 3049 642 3096 P.
654 3047 689 3096 II.
704 3063 728 3111 p.
742 3053 782 3097 53.
795 3046 898 3108 Orell.]:
917 3048 1039 3096 Perorata
1056 3044 1158 3107 [Orellir
1173 3043 1287 3108 peraeta]

168 3133 283 3196 utrimque
299 3147 385 3188 cuma,
402 3130 491 3195 sinquli
504 3130 587 3192 quinos
603 3139 727 3179 accusator
743 3140 765 3179 et
782 3147 835 3180 reue
846 3138 978 3190 seuamres,
998 3129 1092 3178 totidem
1105 3129 1193 3192 equites
1209 3137 1232 3178 et
1244 3131 1287 3177 tri-

168 3220 238 3266 bunos
249 3216 357 3265 cauriae
369 3215 504 3275 reiecerunt,
522 3215 558 3262 itu
570 3222 596 3262 ut
607 3231 666 3263 uuus
677 3223 701 3261 et
711 3215 885 3278 quinquaqinta
895 3214 1023 3262 sententias
1035 3211 1137 3262 tulerint.
1153 3215 1201 3263 Est
1212 3213 1288 3276 igitur

167 3304 231 3350 hacc
248 3314 349 3363 quoque
367 3299 502 3361 descriptio
520 3299 631 3346 iudicum
647 3300 673 3346 iu
690 3300 790 3348 iudiciis
807 3300 927 3362 publicis,
948 3314 999 3348 nou
1016 3306 1101 3347 tamen
1119 3299 1288 3347 maximarum

167 3398 309 3435 causarum.
335 3383 378 3431 Ex
398 3383 489 3445 quibus
509 3383 592 3442 tangit
611 3397 698 3442 unum,
720 3383 762 3431 ubi
780 3385 901 3431 damnato
918 3397 1001 3445 poena
1018 3382 1136 3432 exsilium
1152 3389 1225 3437 esset.
1244 3382 1288 3442 qui

167 3454 251 3520 tumen
267 3469 295 3515 iu
312 3466 445 3515 discrimen
461 3466 545 3513 venire
561 3480 614 3514 uon
630 3474 723 3528 posset,
745 3467 794 3515 uisi
810 3466 858 3516 sub
875 3474 914 3515 tot
930 3466 1062 3516 iudicibus.
1088 3465 1176 3526 Elegit
1192 3473 1288 3523 autem,

167 3553 237 3602 culus
257 3551 368 3599 iudicum
388 3564 521 3598 numerum
542 3549 615 3597 nulla
632 3535 746 3612 quaestio
763 3551 814 3598 alia
831 3551 975 3612 corriperet.
1002 3550 1037 3598 Et
1052 3551 1073 3599 is
1091 3563 1149 3597 cum
1165 3549 1197 3597 sit
1211 3547 1288 3597 XLV

167 3637 328 3693 selectorum,
345 3634 406 3683 sutis
421 3641 534 3697 apparet,
553 3648 629 3695 quam
641 3632 743 3682 solliciti
756 3648 807 3682 nou
820 3636 896 3683 modo
908 3635 939 3682 dc
952 3635 1011 3694 vita,
1028 3636 1072 3683 sed
1085 3634 1163 3682 edam
1175 3634 1207 3681 de
1218 3638 1287 3680 statu

166 3722 285 3780 sontium,
303 3729 370 3767 certe
387 3725 568 3781 suspectorum,
585 3717 680 3766 fuerint
697 3719 814 3767 maiores.
845 3716 945 3766 labella
962 3715 1042 3778 daura
1063 3718 1088 3765 id
1105 3727 1152 3776 est,
1168 3714 1287 3765 iudicium

166 3805 326 3868 permittitur.
349 3803 450 3851 Restat:
472 3801 508 3848 Ar
524 3799 553 3849 de
568 3799 646 3849 iudice
662 3801 714 3864 ipso
730 3799 813 3863 quales
829 3801 854 3848 iu
870 3800 990 3850 canalium
1006 3808 1061 3849 eunt
1077 3800 1157 3848 statim
1175 3798 1289 3848 wstburi!

166 3890 217 3939 Ubi
235 3888 425 3950 Dalecempiusr
448 3886 488 3934 De
505 3887 602 3934 modico
618 3886 673 3948 ipso
691 3883 780 3946 (quem
796 3886 886 3934 tralate
899 3884 999 3934 iudicem
1010 3894 1092 3944 vocat,
1110 3885 1170 3947 quia
1182 3896 1288 3946 aegrum

166 3973 260 4021 iudicat
275 3978 301 4019 et
316 3978 399 4019 morte
416 3966 533 4030 damnat)
548 3969 629 4016 atatim
645 3968 750 4019 censura
768 3966 816 4028 (ita
832 3970 899 4018 enim
911 3966 1097 4032 reponendum)
1109 3968 1174 4016 nulli
1185 3966 1286 4017 cousul-

166 4063 229 4114 tant,
247 4064 273 4104 et
287 4055 393 4118 peritiae
408 4054 547 4117 perieulum
564 4053 668 4102 iaciunt.
690 4053 761 4103 Nihil
779 4036 894 4103 alienius.
917 4053 1001 4102 Iudex
1017 4061 1062 4113 est,
1080 4052 1123 4116 qui
1135 4050 1287 4115 propriario

167 4135 266 4186 dicitur.
288 4138 338 4187 Hic
355 4139 376 4187 :si
393 4138 482 4186 morbo
500 4145 629 4199 correptus
644 4136 729 4197 luerit,
747 4135 836 4198 quales,
853 4152 929 4200 quam
941 4151 994 4184 nou
1006 4137 1104 4196 delecti,
1116 4149 1165 4201 uec
1176 4133 1287 4184 censuris

167 4220 312 4281 examinati,
328 4222 421 4284 quippe
436 4228 535 4270 tautum
552 4235 598 4283 pro
615 4221 719 4270 medicis
735 4234 764 4269 se
780 4231 906 4284 gerentes,
924 4218 949 4267 iu
965 4217 1085 4269 analium
1101 4225 1156 4267 eunt
1171 4219 1203 4268 tle
1214 4232 1286 4279 prae·
