2918 4794
487 273 593 316 NOTAE
609 275 652 314 AD
667 275 750 315 LIBR.
764 273 848 314 XXII.
864 274 960 315 XXIII.

537 448 604 517 AD
627 450 747 517 LIBR.
770 451 906 516 XXIII.

197 599 319 646 Psoassu.
339 593 422 658 [lain]
446 593 580 654 Partesque
592 589 696 640 medicas
703 589 859 654 pendentibus
871 606 960 654 quoque
972 588 1049 651 dedit]
1073 591 1148 641 Voss.
1158 600 1286 656 partaque

164 679 301 729 medicasset
315 677 478 742 peridentibus
495 674 567 726 dedit
591 675 688 726 Scribe:
709 683 839 739 partesque
850 675 954 725 medicas
965 683 988 724 et
995 673 1150 738 pendentibus
1162 673 1233 725 dedit.
1251 678 1287 728 Ut

164 764 239 828 plane
250 777 337 814 comes
350 765 403 813 eius
415 761 557 812 Vossianus
570 759 649 809 alter.-

199 845 260 909 [ln]
279 847 388 896 Primum
401 844 461 893 enim
472 843 561 892 bomini
569 843 730 906 cibumfuisse
742 842 796 892 inde
808 851 830 890 et
840 843 876 893 sic
887 840 1005 904 inductos]
1021 844 1171 904 Vossianus,
1184 841 1285 891 inducto.

163 934 254 982 Recte:
271 930 408 995 praecessit
420 931 486 978 enim
500 927 594 990 bomini,
612 929 656 991 qui
668 927 736 976 etsie
748 924 992 991 (ἐμφατικώτερον,
1009 929 1086 978 etiam
1097 928 1147 977 hac
1159 943 1193 990 re,
1210 928 1286 978 ctiam

164 1019 212 1067 hac
229 1012 374 1075 occasione)
392 1014 511 1062 inductus
527 1019 572 1074 est,
588 1022 617 1063 ut
633 1013 734 1063 coelum
750 1020 884 1077 spectaret,
903 1014 964 1061 dum
980 1026 1071 1077 nempe
1088 1027 1120 1062 cx
1136 1014 1189 1063 olto
1202 1012 1286 1061 cibum

163 1103 233 1166 petit.
252 1101 356 1151 Ovidius
370 1096 485 1160 [metam.
498 1096 518 1158 1,
532 1095 577 1158 85]
591 1095 722 1160 coebrmque
735 1098 796 1146 tueri
805 1095 886 1148 Iussit.

199 1185 264 1235 cm.
276 1186 297 1233 1.
312 1181 365 1246 [12,
378 1180 421 1243 16]
440 1181 537 1232 Sonant
547 1180 696 1246 epinyctidas
708 1190 730 1230 et
740 1180 909 1246 dysenteriam]
929 1183 1004 1231 Voss.
1017 1179 1163 1245 epinyctidas
1175 1189 1197 1229 et
1209 1179 1287 1229 theria

164 1277 187 1316 et
198 1267 362 1332 dysenteriam.
375 1267 452 1330 Lege,
464 1265 537 1327 ceria,
549 1263 639 1333 κηρία.
656 1266 700 1316 lib.
711 1274 751 1328 20,
762 1274 777 1316 2
789 1265 825 1329 [6,
838 1265 893 1329 Il]:
906 1265 992 1317 Radia
1003 1274 1076 1315 sanat
1086 1264 1167 1315 ulcero
1179 1274 1287 1316 canneta

163 1356 187 1403 in
200 1352 291 1401 modum
300 1351 368 1415 fani,
381 1331 518 1414 quaeseria
530 1357 619 1400 nocant.
638 1351 681 1401 lib.
695 1356 735 1412 23,
751 1356 763 1402 7
779 1348 832 1413 [63,
848 1349 919 1413 169]:
931 1350 1007 1400 Iidem
1018 1367 1071 1400 cum
1083 1349 1149 1399 melle
1161 1349 1285 1413 ulceribus,

164 1456 225 1502 quae
240 1440 304 1487 ceria
320 1444 412 1499 vacant,
429 1435 560 1486 illinuntur.
581 1437 617 1486 Et
632 1451 727 1486 rursus:
750 1434 818 1493 Quae
835 1435 973 1486 mollissimo
988 1435 1140 1499 materiis,
1158 1454 1209 1487 cum
1220 1445 1287 1488 aceto

164 1523 244 1572 ulcera
258 1521 391 1582 manantia,
408 1519 563 1585 epinyctidas,
573 1520 688 1584 furfures
698 1528 793 1569 sanant.
819 1518 876 1570 Cum
891 1520 958 1570 melle
966 1521 1039 1585 soliis
1055 1521 1122 1570 ceria
1136 1532 1253 1572 sanantur
1265 1529 1288 1570 et

164 1607 230 1656 canis
246 1623 343 1655 morsus.
371 1605 413 1656 Sic
434 1607 502 1655 enim
521 1606 584 1655 Mss.
599 1596 705 1656 'Pscllus
721 1601 783 1670 περὶ
801 1605 899 1654 καινῶν
917 1603 1056 1666 ὀνομάτων
1074 1605 1105 1655 ἐν
1124 1604 1284 1672 νοσήμασιν·

164 1686 266 1757 Κηρίον
284 1686 367 1754 ὄγκος
382 1685 426 1738 ἐπὶ
444 1688 493 1738 τοῦ
509 1686 647 1753 δέρματος
662 1684 732 1754 ἔχων
749 1685 934 1754 κατατμήσεις.
959 1691 1100 1753 Occupavit
1116 1700 1142 1741 ct
1158 1691 1209 1739 hoc
1225 1692 1284 1740 Pin·

165 1776 254 1824 tianus.
273 1775 350 1824 Voss,
362 1774 464 1836 Andeg.
482 1771 630 1838 epinyctidas
643 1780 666 1820 et
676 1773 786 1821 ceteriam
798 1771 971 1837 dyssintert'am.

175 1857 253 1920 χ[19,
266 1854 311 1918 32]
335 1857 410 1906 Unum
429 1855 457 1905 de
475 1855 555 1904 dando
572 1854 755 1905 uolumenAscI.
768 1855 880 1917 condidit,
899 1858 929 1905 ab
947 1855 1184 1920 aoccynominatum]
1208 1860 1286 1909 Voss.

169 1941 246 1991 Unum
259 1939 288 1989 de
300 1939 380 1990 dando
392 1956 418 1989 ea
430 1939 543 2003 volumen,
567 1941 667 1990 DeIndc
678 1939 854 2004 connominatis.
878 1940 923 1990 An
938 1942 1077 2002 legendum
1094 1938 1284 2004 connominatus?

164 2034 192 2075 ut
209 2034 248 2075 est
263 2027 291 2074 in'
306 2025 407 2088 Andeg.
424 2034 449 2075 et
466 2027 569 2090 Mcnnp.
587 2033 611 2076 et
628 2025 705 2087 Gna,
724 2026 768 2088 qui
784 2026 871 2086 etiam,
891 2023 972 2075 dando
989 2033 1011 2073 et
1027 2023 1139 2074 volumen.
1158 2025 1202 2073 lib.
1215 2026 1285 2084 26,3

165 2109 201 2171 [8,
223 2108 276 2170 14]:
304 2108 354 2172 ipse
373 2109 536 2173 connominari
554 2125 579 2158 se
590 2107 693 2174 sriqida
710 2107 793 2157 danda
808 2109 957 2172 praeferens.
984 2110 1034 2160 Ubi
1056 2116 1142 2159 tamen
1162 2109 1284 2173 optimus:

164 2192 353 2258 coynominaneri
366 2208 397 2242 se.
420 2193 563 2256 Numquid,
580 2194 631 2257 ipse
648 2209 774 2258 coynomen
785 2193 816 2241 ab
829 2193 907 2256 aeyrts
916 2192 1015 2256 friaida
1032 2191 1115 2243 danda
1127 2193 1284 2257 promerens?

164 2278 216 2329 Sed
232 2278 267 2326 ibi
285 2280 316 2327 de
331 2274 406 2341 aquit,
423 2279 466 2327 hic
483 2279 584 2327 deviae
597 2279 688 2341 agitor.
712 2278 785 2328 Idem
802 2279 897 2327 codex:
921 2278 963 2340 qui
975 2286 1058 2342 postea
1070 2294 1131 2328 vero.
1155 2281 1285 2329 Fortasse:
1300 2282 1348 2330 790

168 2361 244 2411 Unum
262 2361 290 2410 de
308 2359 388 2410 dando
403 2377 429 2409 eo
445 2360 550 2410 aoinmen
565 2360 722 2426 Asclepiades
738 2360 851 2411 condidit.
877 2360 917 2410 Ab
934 2379 960 2410 eo
977 2363 1135 2427 coynominati
1150 2363 1191 2426 qui
1204 2371 1286 2427 postea

155 2448 238 2509 fuere,
249 2444 279 2494 de
290 2444 405 2495 noinrnine
417 2444 457 2495 iilo
469 2444 621 2495 disseruere
610 2463 739 2496 innumera

199 2531 252 2594 [20,
265 2528 310 2592 34]
332 2530 403 2581 Haec
419 2538 496 2578 tamen
504 2531 592 2594 facere
608 2531 794 2580 constantissime
810 2529 919 2580 uidentur
929 2500 1058 2581 sanctoniae
1070 2529 1203 2595 amieriam]
1223 2532 1285 2582 Vox

164 2618 254 2666 ultima
266 2632 317 2666 non
330 2626 368 2666 cst
379 2616 406 2664 in
418 2617 554 2677 Vossieno,
571 2617 608 2666 uti
620 2629 668 2666 nec
679 2618 705 2666 ia
715 2616 880 2673 chifleamo.
902 2616 955 2669 Sed
966 2617 1107 2668 Vossianus
1123 2617 1211 2667 ctiam.
1228 2617 1285 2666 Hae

165 2712 248 2764 tamen,
262 2702 359 2764 deinde,
379 2700 521 2750 discriminis
534 2701 614 2767 asinii.
635 2703 735 2753 Scribe:
753 2702 811 2752 Hae
825 2704 994 2766 tamensacere
1005 2702 1193 2752 constantissime
1204 2700 1284 2751 niden-

165 2796 203 2835 tnr
214 2787 350 2847 sententiae,
368 2802 469 2849 qnorum
486 2785 530 2847 (de
543 2786 700 2848 Surrentino,
716 2788 827 2849 Albona,
840 2785 964 2850 Falerno)
981 2788 1116 2839 mentionem
1124 2787 1237 2853 fecimus.
1256 2786 1288 2837 Si
1367 2782 1371 2789 ⁴

164 2870 217 2932 quis
229 2869 271 2917 boc
283 2886 376 2932 quoque
385 2868 531 2918 discriminis
542 2870 622 2933 exibit,
640 2869 769 2922 Foiemum
786 2888 828 2921 nec
845 2872 870 2920 in
885 2874 987 2922 novitate
999 2889 1040 2922 nec
1052 2873 1076 2922 in
1088 2873 1162 2922 nimIa
1173 2880 1286 2922 vetustate

164 2952 258 3016 corpori
268 2950 363 3001 salubre
375 2959 416 3012 est,
430 2959 477 3002 etc.
498 2949 687 3002 constantissime
695 2955 783 3018 facere
795 2964 834 3006 est
847 2959 1036 3018 constanti0rcs,
1052 2972 1136 3022 neque
1147 2959 1182 3007 ita
1193 2959 1285 3021 vanae,

164 3053 227 3088 esse.
249 3037 305 3087 Nisi
320 3033 491 3099 meliuscule
507 3037 699 3086 constantissime.
720 3038 776 3087 Alii
792 3041 889 3102 scripti:
906 3039 977 3088 Haec
993 3048 1070 3089 tanen
1077 3041 1164 3103 facere
1176 3051 1285 3092 cantan-

165 3121 252 3170 tissime
264 3120 372 3169 uidentur
383 3119 503 3168 uictoriae.

122 3228 124 3232 ·
199 3205 252 3269 [21,
267 3204 311 3268 36]
336 3204 500 3256 Vebemennae
511 3203 588 3254 minus
599 3204 716 3267 Falerno]
739 3205 815 3257 chia
828 3214 853 3256 et
865 3207 986 3258 Vossicni
998 3209 1057 3268 duo,
1074 3207 1179 3258 Falerna
1190 3209 1284 3260 babent.

164 3292 261 3344 Scribe:
287 3289 379 3341 Virium
392 3288 449 3354 pius
465 3289 617 3353 Surrentina,
634 3290 781 3339 austeritatis
796 3289 904 3354 Albana,
921 3290 1077 3341 vehementiae
1090 3292 1167 3342 minus
1178 3291 1286 3343 Falerna

164 3375 256 3426 babent.

189 3459 252 3523 [’23,
265 3459 310 3522 41]
336 3459 413 3510 (iuras
430 3460 580 3524 vigoremque
596 3461 670 3509 anirm
667 3457 810 3547 'impediti
819 3461 934 3512 Verbum
950 3459 1048 3526 impedit
1062 3477 1145 3526 neque
1159 3463 1187 3512 in
1203 3463 1285 3514 Acsd.

163 3561 245 3608 neque
257 3562 283 3594 m
296 3546 559 3610 VossconspIcoum.
583 3545 778 3597 stammana.
796 3532 909 3597 otVoss
926 3549 1286 3599 duobusrarsushmlacuna

164 3646 180 3678 a
192 3631 282 3693 verbis,
294 3629 421 3693 Reliqua'
411 3647 436 3678 nr
449 3646 567 3679 commune
578 3627 692 3692 dicentur,
705 3645 785 3694 usque
797 3634 831 3681 ed
841 3629 975 3680 Plurimum
979 3632 1050 3694 foetu
1061 3631 1173 3682 medetur
1188 3631 1288 3696 prodest

164 3712 280 3764 erudires.
299 3714 353 3763 item
366 3712 444 3779 lepris
463 3715 506 3766 Sic
517 3715 585 3763 enIm
596 3715 666 3764 And.
683 3714 722 3764 At
733 3716 837 3778 Menap.
849 3724 875 3765 et
887 3715 956 3767 Gud:
966 3714 1099 3766 Plurimum
1103 3718 1163 3779 fotu
1175 3717 1285 3768 medetur.

163 3795 267 3846 Prodest
287 3808 371 3862 contra
386 3798 502 3848 erudines.
525 3798 579 3846 item
596 3796 654 3861 lepr.
680 3798 779 3863 Nempe
799 3801 937 3862 reliquerat
956 3801 1064 3851 Plinius:
1089 3801 1176 3851 Vinum
1196 3800 1287 3850 ieiunos

164 3882 240 3929 bibere
255 3882 429 3932 inutilissimum
446 3890 480 3930 est
497 3897 567 3930 caras
582 3881 731 3944 cineremque
747 3880 822 3931 anime
818 3881 872 3932 'od
884 3883 1030 3947 procinctum
1042 3884 1222 3936 intendentibus.
1245 3885 1289 3935 Ad

160 3966 315 4030 procinctum,
327 3968 354 4016 id
366 3975 411 4027 esu
424 3969 457 4017 od
469 3968 547 4018 serias
558 3981 597 4016 res
610 3967 731 4029 agendas

200 4049 253 4112 [23,
267 4048 311 4111 42]
330 4051 459 4115 Itemque'
448 4069 498 4117 suoi
495 4052 660 4116 'superbibere
672 4051 782 4102 ebrietati
793 4069 863 4116 qnam
876 4051 981 4118 quidem]
1004 4055 1041 4106 Ut
1053 4056 1154 4108 Chiflcn
1167 4026 1193 4107 et
1203 4057 1285 4108 Acad.

163 4142 241 4198 etque
257 4135 334 4186 Voss
353 4137 489 4186 ebrietatem
505 4136 607 4201 quidem,
626 4138 679 4188 sine
695 4153 732 4202 τῳ
750 4154 829 4202 qnam.
853 4139 908 4190 Nec
925 4155 997 4191 secus
1013 4141 1126 4192 Pintiani
1143 4143 1284 4206 exemplar:

164 4221 231 4270 undo
247 4221 306 4283 ille,
328 4219 433 4285 interam
449 4223 545 4288 innuere
561 4239 591 4273 ac
607 4223 759 4288 mperbibne.
786 4221 934 4275 Ebrietatem
950 4224 1052 4288 quidem.
1079 4226 1176 4280 Scribo:
1198 4224 1286 4289 Aquae
