<?xml version="1.0" encoding="UTF-8"?>
<!DOCTYPE html PUBLIC "-//W3C//DTD XHTML 1.0 Transitional//EN"
    "http://www.w3.org/TR/xhtml1/DTD/xhtml1-transitional.dtd">
<html xmlns="http://www.w3.org/1999/xhtml" xml:lang="en" lang="en">
 <head>
  <title>
</title>
<meta http-equiv="Content-Type" content="text/html;charset=utf-8" />
  <meta name='ocr-system' content='tesseract 3.04.00' />
  <meta name='ocr-capabilities' content='ocr_page ocr_carea ocr_par ocr_line ocrx_word'/>
</head>
<body>
  <div class='ocr_page' id='page_1' title='image "./cplinisecundina14plingoog_0336.png"; bbox 0 0 2918 4794; ppageno 0'>
   <div class='ocr_carea' id='block_1_1' title="bbox 558 290 1283 352">
    <p class='ocr_par' dir='ltr' id='par_1_1' title="bbox 558 290 1283 352">
     <span class='ocr_line' id='line_1_1' title="bbox 558 290 1283 352; baseline -0.001 0"><span class='ocrx_word' id='word_1_1' title='bbox 558 312 663 352; x_wconf 75' lang='lat' dir='ltr'>noran</span> <span class='ocrx_word' id='word_1_2' title='bbox 680 312 722 352; x_wconf 80' lang='lat' dir='ltr'>nu</span> <span class='ocrx_word' id='word_1_3' title='bbox 738 313 820 352; x_wconf 80' lang='lat' dir='ltr'>nisa.</span> <span class='ocrx_word' id='word_1_4' title='bbox 837 311 894 350; x_wconf 84' lang='lat' dir='ltr'>xx.</span> <span class='ocrx_word' id='word_1_5' title='bbox 1039 316 1041 321; x_wconf 64' lang='grc'>’</span> <span class='ocrx_word' id='word_1_6' title='bbox 1246 290 1283 351; x_wconf 85' lang='grc'>17</span> 
     </span>
    </p>
   </div>
   <div class='ocr_carea' id='block_1_2' title="bbox 162 460 1377 2894">
    <p class='ocr_par' dir='ltr' id='par_1_2' title="bbox 162 460 1377 681">
     <span class='ocr_line' id='line_1_2' title="bbox 162 460 1377 526; baseline 0 -15"><span class='ocrx_word' id='word_1_7' title='bbox 162 463 292 526; x_wconf 85' lang='lat' dir='ltr'>papaveris</span> <span class='ocrx_word' id='word_1_8' title='bbox 303 471 384 525; x_wconf 85' lang='lat' dir='ltr'>sponte</span> <span class='ocrx_word' id='word_1_9' title='bbox 396 463 513 510; x_wconf 81' lang='lat' dir='ltr'>nascentis</span> <span class='ocrx_word' id='word_1_10' title='bbox 525 460 628 511; x_wconf 77' lang='lat' dir='ltr'><strong><em>dicemus</em></strong></span> <span class='ocrx_word' id='word_1_11' title='bbox 640 464 663 510; x_wconf 90' lang='lat' dir='ltr'>in</span> <span class='ocrx_word' id='word_1_12' title='bbox 676 461 804 511; x_wconf 78' lang='lat' dir='ltr'><strong><em>medicinae</em></strong></span> <span class='ocrx_word' id='word_1_13' title='bbox 814 462 870 511; x_wconf 90' lang='lat' dir='ltr'>loco.</span> <span class='ocrx_word' id='word_1_14' title='bbox 887 463 1009 512; x_wconf 81' lang='lat' dir='ltr'>Similiter</span> <span class='ocrx_word' id='word_1_15' title='bbox 1021 469 1152 524; x_wconf 86' lang='lat' dir='ltr'>peecatum</span> <span class='ocrx_word' id='word_1_16' title='bbox 1164 461 1206 511; x_wconf 90' lang='lat' dir='ltr'>lib.</span> <span class='ocrx_word' id='word_1_17' title='bbox 1218 467 1258 523; x_wconf 82' lang='grc'>21,</span> <span class='ocrx_word' id='word_1_18' title='bbox 1270 469 1284 511; x_wconf 86' lang='grc'><strong>6</strong></span> <span class='ocrx_word' id='word_1_19' title='bbox 1374 474 1377 480; x_wconf 60' lang='lat'><em>⁴</em></span> 
     </span>
     <span class='ocr_line' id='line_1_3' title="bbox 165 545 1356 620; baseline -0.002 -25"><span class='ocrx_word' id='word_1_20' title='bbox 165 545 285 608; x_wconf 81' lang='lat'>[14,27].</span> <span class='ocrx_word' id='word_1_21' title='bbox 312 549 414 596; x_wconf 90' lang='lat' dir='ltr'>Partem</span> <span class='ocrx_word' id='word_1_22' title='bbox 431 547 535 606; x_wconf 88' lang='lat' dir='ltr'>horum,</span> <span class='ocrx_word' id='word_1_23' title='bbox 555 562 648 620; x_wconf 87' lang='lat' dir='ltr'>nempe¹</span> <span class='ocrx_word' id='word_1_24' title='bbox 663 547 799 610; x_wconf 81' lang='lat' dir='ltr'>utrobique</span> <span class='ocrx_word' id='word_1_25' title='bbox 816 548 952 608; x_wconf 83' lang='lat' dir='ltr'>legendum</span> <span class='ocrx_word' id='word_1_26' title='bbox 969 562 981 592; x_wconf 93' lang='lat' dir='ltr'>e</span> <span class='ocrx_word' id='word_1_27' title='bbox 996 545 1092 605; x_wconf 82' lang='lat' dir='ltr'>sativis,</span> <span class='ocrx_word' id='word_1_28' title='bbox 1115 546 1232 596; x_wconf 85' lang='lat' dir='ltr'>odoratus</span> <span class='ocrx_word' id='word_1_29' title='bbox 1248 554 1286 594; x_wconf 89' lang='lat' dir='ltr'>est</span> <span class='ocrx_word' id='word_1_30' title='bbox 1348 577 1356 584; x_wconf 31' lang='lat' dir='ltr'>s</span> 
     </span>
     <span class='ocr_line' id='line_1_4' title="bbox 165 632 345 681; baseline 0.011 -3"><span class='ocrx_word' id='word_1_31' title='bbox 165 632 345 681; x_wconf 90' lang='lat' dir='ltr'>etPintianus.</span> 
     </span>
    </p>

    <p class='ocr_par' dir='ltr' id='par_1_3' title="bbox 164 714 1290 1204">
     <span class='ocr_line' id='line_1_5' title="bbox 200 714 1288 780; baseline -0.003 -15"><span class='ocrx_word' id='word_1_32' title='bbox 200 716 261 778; x_wconf 86' lang='lat' dir='ltr'>[lh]</span> <span class='ocrx_word' id='word_1_33' title='bbox 288 715 344 766; x_wconf 74' lang='lat' dir='ltr'>Cum</span> <span class='ocrx_word' id='word_1_34' title='bbox 360 714 504 780; x_wconf 83' lang='lat' dir='ltr'>deflorescit,</span> <span class='ocrx_word' id='word_1_35' title='bbox 522 716 582 765; x_wconf 84' lang='lat' dir='ltr'>hara</span> <span class='ocrx_word' id='word_1_36' title='bbox 599 716 647 764; x_wconf 88' lang='lat' dir='ltr'>diei</span> <span class='ocrx_word' id='word_1_37' title='bbox 662 715 751 778; x_wconf 85' lang='lat' dir='ltr'>sereni]</span> <span class='ocrx_word' id='word_1_38' title='bbox 775 719 907 767; x_wconf 86' lang='lat' dir='ltr'>Pintianus</span> <span class='ocrx_word' id='word_1_39' title='bbox 924 732 938 764; x_wconf 94' lang='lat' dir='ltr'>e</span> <span class='ocrx_word' id='word_1_40' title='bbox 956 719 1033 767; x_wconf 89' lang='lat' dir='ltr'>veteri</span> <span class='ocrx_word' id='word_1_41' title='bbox 1053 716 1203 779; x_wconf 88' lang='lat' dir='ltr'>exemplari:</span> <span class='ocrx_word' id='word_1_42' title='bbox 1228 715 1288 762; x_wconf 82' lang='lat' dir='ltr'>bora</span> 
     </span>
     <span class='ocr_line' id='line_1_6' title="bbox 164 799 1288 865; baseline 0.003 -18"><span class='ocrx_word' id='word_1_43' title='bbox 164 800 242 848; x_wconf 82' lang='lat' dir='ltr'>sereni</span> <span class='ocrx_word' id='word_1_44' title='bbox 255 799 315 848; x_wconf 84' lang='lat' dir='ltr'>diei.-</span> <span class='ocrx_word' id='word_1_45' title='bbox 339 805 407 865; x_wconf 88' lang='lat' dir='ltr'>quod</span> <span class='ocrx_word' id='word_1_46' title='bbox 424 803 471 851; x_wconf 91' lang='lat' dir='ltr'>etsi</span> <span class='ocrx_word' id='word_1_47' title='bbox 489 803 544 851; x_wconf 85' lang='lat' dir='ltr'>leve</span> <span class='ocrx_word' id='word_1_48' title='bbox 561 808 608 863; x_wconf 80' lang='lat' dir='ltr'>est,</span> <span class='ocrx_word' id='word_1_49' title='bbox 627 817 680 851; x_wconf 92' lang='lat' dir='ltr'>non</span> <span class='ocrx_word' id='word_1_50' title='bbox 693 803 872 852; x_wconf 82' lang='lat' dir='ltr'>fastidiendum</span> <span class='ocrx_word' id='word_1_51' title='bbox 890 812 984 862; x_wconf 89' lang='lat' dir='ltr'>tamen,</span> <span class='ocrx_word' id='word_1_52' title='bbox 1003 804 1062 864; x_wconf 89' lang='lat' dir='ltr'>quia</span> <span class='ocrx_word' id='word_1_53' title='bbox 1074 811 1099 850; x_wconf 93' lang='lat' dir='ltr'>et</span> <span class='ocrx_word' id='word_1_54' title='bbox 1110 803 1146 859; x_wconf 85' lang='lat' dir='ltr'>sic</span> <span class='ocrx_word' id='word_1_55' title='bbox 1159 801 1209 849; x_wconf 87' lang='lat' dir='ltr'>duo</span> <span class='ocrx_word' id='word_1_56' title='bbox 1221 802 1288 850; x_wconf 85' lang='lat' dir='ltr'>Vos·</span> 
     </span>
     <span class='ocr_line' id='line_1_7' title="bbox 165 863 1289 950; baseline -0.001 -16"><span class='ocrx_word' id='word_1_57' title='bbox 165 886 236 934; x_wconf 91' lang='lat' dir='ltr'>siani.</span> <span class='ocrx_word' id='word_1_58' title='bbox 259 886 309 937; x_wconf 90' lang='lat' dir='ltr'>Sed</span> <span class='ocrx_word' id='word_1_59' title='bbox 326 863 395 936; x_wconf 45' lang='lat' dir='ltr'>alterx</span> <span class='ocrx_word' id='word_1_60' title='bbox 406 887 499 935; x_wconf 91' lang='lat' dir='ltr'>horum</span> <span class='ocrx_word' id='word_1_61' title='bbox 516 888 592 936; x_wconf 87' lang='lat' dir='ltr'>etiam</span> <span class='ocrx_word' id='word_1_62' title='bbox 604 887 698 935; x_wconf 89' lang='lat' dir='ltr'>utilior.</span> <span class='ocrx_word' id='word_1_63' title='bbox 717 888 790 947; x_wconf 78' lang='lat' dir='ltr'>Quae</span> <span class='ocrx_word' id='word_1_64' title='bbox 802 902 912 950; x_wconf 90' lang='lat' dir='ltr'>namque</span> <span class='ocrx_word' id='word_1_65' title='bbox 924 887 969 936; x_wconf 91' lang='lat' dir='ltr'>illa</span> <span class='ocrx_word' id='word_1_66' title='bbox 980 885 1040 934; x_wconf 77' lang='lat' dir='ltr'>liora</span> <span class='ocrx_word' id='word_1_67' title='bbox 1052 886 1128 934; x_wconf 86' lang='lat' dir='ltr'>sereni</span> <span class='ocrx_word' id='word_1_68' title='bbox 1140 884 1203 934; x_wconf 83' lang='lat' dir='ltr'>diei?</span> <span class='ocrx_word' id='word_1_69' title='bbox 1223 886 1289 933; x_wconf 90' lang='lat' dir='ltr'>cirea</span> 
     </span>
     <span class='ocr_line' id='line_1_8' title="bbox 165 970 1289 1034; baseline 0 -17"><span class='ocrx_word' id='word_1_70' title='bbox 165 971 307 1030; x_wconf 80' lang='lat' dir='ltr'>meridiem,</span> <span class='ocrx_word' id='word_1_71' title='bbox 330 972 413 1034; x_wconf 89' lang='lat' dir='ltr'>inquit</span> <span class='ocrx_word' id='word_1_72' title='bbox 433 970 624 1034; x_wconf 90' lang='lat' dir='ltr'>Dalecampius.</span> <span class='ocrx_word' id='word_1_73' title='bbox 654 971 738 1020; x_wconf 90' lang='lat' dir='ltr'>Immo</span> <span class='ocrx_word' id='word_1_74' title='bbox 762 972 842 1020; x_wconf 92' lang='lat' dir='ltr'>multo</span> <span class='ocrx_word' id='word_1_75' title='bbox 866 973 948 1020; x_wconf 90' lang='lat' dir='ltr'>citius.</span> <span class='ocrx_word' id='word_1_76' title='bbox 980 971 1022 1021; x_wconf 90' lang='lat' dir='ltr'>Sic</span> <span class='ocrx_word' id='word_1_77' title='bbox 1040 971 1108 1019; x_wconf 91' lang='lat' dir='ltr'>enim</span> <span class='ocrx_word' id='word_1_78' title='bbox 1127 970 1289 1018; x_wconf 79' lang='lat' dir='ltr'>membranae</span> 
     </span>
     <span class='ocr_line' id='line_1_9' title="bbox 166 1053 1290 1117; baseline 0.002 -15"><span class='ocrx_word' id='word_1_79' title='bbox 166 1056 294 1117; x_wconf 79' lang='lat' dir='ltr'>egregiae:</span> <span class='ocrx_word' id='word_1_80' title='bbox 314 1054 373 1103; x_wconf 78' lang='lat' dir='ltr'>liora</span> <span class='ocrx_word' id='word_1_81' title='bbox 384 1055 463 1103; x_wconf 86' lang='lat' dir='ltr'>sereni</span> <span class='ocrx_word' id='word_1_82' title='bbox 472 1053 524 1103; x_wconf 84' lang='lat' dir='ltr'>diei</span> <span class='ocrx_word' id='word_1_83' title='bbox 536 1055 614 1116; x_wconf 87' lang='lat' dir='ltr'>tertia,</span> <span class='ocrx_word' id='word_1_84' title='bbox 633 1054 675 1104; x_wconf 83' lang='lat' dir='ltr'>boc</span> <span class='ocrx_word' id='word_1_85' title='bbox 687 1063 728 1116; x_wconf 80' lang='lat' dir='ltr'>est,</span> <span class='ocrx_word' id='word_1_86' title='bbox 745 1072 796 1103; x_wconf 84' lang='lat' dir='ltr'>cam</span> <span class='ocrx_word' id='word_1_87' title='bbox 813 1073 852 1104; x_wconf 86' lang='lat' dir='ltr'>ros</span> <span class='ocrx_word' id='word_1_88' title='bbox 869 1056 997 1104; x_wconf 78' lang='lat' dir='ltr'>exaruerit.</span> <span class='ocrx_word' id='word_1_89' title='bbox 1020 1056 1145 1104; x_wconf 86' lang='lat' dir='ltr'>Nimirum</span> <span class='ocrx_word' id='word_1_90' title='bbox 1164 1071 1221 1104; x_wconf 90' lang='lat' dir='ltr'>cum</span> <span class='ocrx_word' id='word_1_91' title='bbox 1238 1056 1290 1104; x_wconf 83' lang='lat' dir='ltr'>iere</span> 
     </span>
     <span class='ocr_line' id='line_1_10' title="bbox 166 1134 1012 1204; baseline 0.006 -18"><span class='ocrx_word' id='word_1_92' title='bbox 166 1134 306 1201; x_wconf 72' lang='grc' dir='ltr'><em>πλήθουσα</em></span> <span class='ocrx_word' id='word_1_93' title='bbox 320 1148 358 1188; x_wconf 87' lang='lat' dir='ltr'>est</span> <span class='ocrx_word' id='word_1_94' title='bbox 369 1135 469 1203; x_wconf 72' lang='grc' dir='ltr'><strong><em>ἀγορά,</em></strong></span> <span class='ocrx_word' id='word_1_95' title='bbox 483 1148 515 1199; x_wconf 93' lang='lat' dir='ltr'>et,</span> <span class='ocrx_word' id='word_1_96' title='bbox 531 1147 559 1189; x_wconf 90' lang='lat' dir='ltr'>ut</span> <span class='ocrx_word' id='word_1_97' title='bbox 570 1141 639 1189; x_wconf 90' lang='lat' dir='ltr'>canit</span> <span class='ocrx_word' id='word_1_98' title='bbox 650 1142 774 1190; x_wconf 81' lang='lat' dir='ltr'>Martialis</span> <span class='ocrx_word' id='word_1_99' title='bbox 789 1139 887 1204; x_wconf 82' lang='lat' dir='ltr'>[Epigr.</span> <span class='ocrx_word' id='word_1_100' title='bbox 901 1151 924 1201; x_wconf 83' lang='lat'>4,</span> <span class='ocrx_word' id='word_1_101' title='bbox 938 1147 961 1202; x_wconf 80' lang='lat'>8,</span> <span class='ocrx_word' id='word_1_102' title='bbox 976 1139 1012 1202; x_wconf 82' lang='grc'>2],</span> 
     </span>
    </p>

    <p class='ocr_par' dir='ltr' id='par_1_4' title="bbox 167 1221 1294 1792">
     <span class='ocr_line' id='line_1_11' title="bbox 372 1221 802 1273; baseline 0.005 -3"><span class='ocrx_word' id='word_1_103' title='bbox 372 1221 477 1271; x_wconf 79' lang='lat' dir='ltr'><strong><em>Exercet</em></strong></span> <span class='ocrx_word' id='word_1_104' title='bbox 487 1239 572 1271; x_wconf 84' lang='lat' dir='ltr'>raucas</span> <span class='ocrx_word' id='word_1_105' title='bbox 586 1224 655 1271; x_wconf 87' lang='lat' dir='ltr'>tertia</span> <span class='ocrx_word' id='word_1_106' title='bbox 666 1222 802 1273; x_wconf 84' lang='lat' dir='ltr'>causidicos.</span> 
     </span>
     <span class='ocr_line' id='line_1_12' title="bbox 167 1307 1290 1372; baseline -0.001 -14"><span class='ocrx_word' id='word_1_107' title='bbox 167 1308 274 1358; x_wconf 82' lang='lat' dir='ltr'>Sextum</span> <span class='ocrx_word' id='word_1_108' title='bbox 297 1316 382 1357; x_wconf 88' lang='lat' dir='ltr'>autem</span> <span class='ocrx_word' id='word_1_109' title='bbox 409 1307 540 1357; x_wconf 87' lang='lat' dir='ltr'>meridiem</span> <span class='ocrx_word' id='word_1_110' title='bbox 563 1308 737 1369; x_wconf 84' lang='lat' dir='ltr'>intelligimus.</span> <span class='ocrx_word' id='word_1_111' title='bbox 772 1309 918 1358; x_wconf 78' lang='lat' dir='ltr'>Columella</span> <span class='ocrx_word' id='word_1_112' title='bbox 939 1315 1015 1368; x_wconf 89' lang='grc'>11,2</span> <span class='ocrx_word' id='word_1_113' title='bbox 1041 1307 1112 1369; x_wconf 87' lang='lat' dir='ltr'>[Vol.</span> <span class='ocrx_word' id='word_1_114' title='bbox 1132 1308 1165 1357; x_wconf 90' lang='lat'>11.</span> <span class='ocrx_word' id='word_1_115' title='bbox 1190 1324 1213 1372; x_wconf 89' lang='lat' dir='ltr'>p.</span> <span class='ocrx_word' id='word_1_116' title='bbox 1233 1314 1290 1357; x_wconf 84' lang='lat'>506.</span> 
     </span>
     <span class='ocr_line' id='line_1_13' title="bbox 167 1389 1291 1456; baseline -0.001 -14"><span class='ocrx_word' id='word_1_117' title='bbox 167 1389 313 1452; x_wconf 85' lang='lat' dir='ltr'>Schneid.]:</span> <span class='ocrx_word' id='word_1_118' title='bbox 333 1391 429 1454; x_wconf 82' lang='lat' dir='ltr'>pruinis</span> <span class='ocrx_word' id='word_1_119' title='bbox 445 1398 468 1440; x_wconf 92' lang='lat' dir='ltr'>et</span> <span class='ocrx_word' id='word_1_120' title='bbox 481 1389 597 1455; x_wconf 80' lang='lat' dir='ltr'>pelicidiis</span> <span class='ocrx_word' id='word_1_121' title='bbox 614 1391 733 1440; x_wconf 81' lang='lat' dir='ltr'>nocturnis</span> <span class='ocrx_word' id='word_1_122' title='bbox 749 1390 826 1441; x_wconf 77' lang='lat' dir='ltr'>adina</span> <span class='ocrx_word' id='word_1_123' title='bbox 838 1393 939 1456; x_wconf 86' lang='lat' dir='ltr'>ripentcs</span> <span class='ocrx_word' id='word_1_124' title='bbox 951 1393 1065 1440; x_wconf 88' lang='lat' dir='ltr'>materiae</span> <span class='ocrx_word' id='word_1_125' title='bbox 1074 1395 1170 1456; x_wconf 84' lang='lat' dir='ltr'>ferram</span> <span class='ocrx_word' id='word_1_126' title='bbox 1182 1393 1291 1455; x_wconf 86' lang='lat' dir='ltr'>reformi-</span> 
     </span>
     <span class='ocr_line' id='line_1_14' title="bbox 168 1473 1292 1541; baseline 0.002 -18"><span class='ocrx_word' id='word_1_127' title='bbox 168 1474 234 1525; x_wconf 84' lang='lat' dir='ltr'>dant.</span> <span class='ocrx_word' id='word_1_128' title='bbox 253 1476 334 1538; x_wconf 85' lang='lat' dir='ltr'>ithne</span> <span class='ocrx_word' id='word_1_129' title='bbox 346 1474 400 1524; x_wconf 78' lang='lat' dir='ltr'>clam</span> <span class='ocrx_word' id='word_1_130' title='bbox 412 1474 457 1523; x_wconf 82' lang='lat' dir='ltr'>bae</span> <span class='ocrx_word' id='word_1_131' title='bbox 468 1473 575 1539; x_wconf 85' lang='lat' dir='ltr'>repelare</span> <span class='ocrx_word' id='word_1_132' title='bbox 586 1475 693 1524; x_wconf 83' lang='lat' dir='ltr'>sinantur</span> <span class='ocrx_word' id='word_1_133' title='bbox 711 1474 842 1540; x_wconf 82' lang='lat' dir='ltr'>[repelatae</span> <span class='ocrx_word' id='word_1_134' title='bbox 857 1478 978 1525; x_wconf 80' lang='lat' dir='ltr'>siccantur</span> <span class='ocrx_word' id='word_1_135' title='bbox 990 1479 1056 1541; x_wconf 89' lang='lat' dir='ltr'>apud</span> <span class='ocrx_word' id='word_1_136' title='bbox 1071 1476 1202 1539; x_wconf 83' lang='lat' dir='ltr'>Schneid]</span> <span class='ocrx_word' id='word_1_137' title='bbox 1220 1493 1292 1541; x_wconf 84' lang='lat' dir='ltr'>nsque</span> 
     </span>
     <span class='ocr_line' id='line_1_15' title="bbox 167 1558 1291 1626; baseline 0.001 -17"><span class='ocrx_word' id='word_1_138' title='bbox 167 1562 192 1609; x_wconf 87' lang='lat' dir='ltr'>in</span> <span class='ocrx_word' id='word_1_139' title='bbox 210 1561 292 1609; x_wconf 83' lang='lat' dir='ltr'>baram</span> <span class='ocrx_word' id='word_1_140' title='bbox 314 1558 439 1610; x_wconf 71' lang='lat' dir='ltr'>samniam</span> <span class='ocrx_word' id='word_1_141' title='bbox 457 1559 494 1608; x_wconf 90' lang='lat' dir='ltr'>vel</span> <span class='ocrx_word' id='word_1_142' title='bbox 512 1559 619 1620; x_wconf 86' lang='lat' dir='ltr'>tertiam,</span> <span class='ocrx_word' id='word_1_143' title='bbox 641 1568 752 1623; x_wconf 87' lang='lat' dir='ltr'>poterant</span> <span class='ocrx_word' id='word_1_144' title='bbox 774 1576 856 1624; x_wconf 84' lang='lat' dir='ltr'>uepres</span> <span class='ocrx_word' id='word_1_145' title='bbox 874 1562 1002 1611; x_wconf 85' lang='lat' dir='ltr'>attenuari.</span> <span class='ocrx_word' id='word_1_146' title='bbox 1032 1563 1067 1610; x_wconf 80' lang='lat' dir='ltr'>Et</span> <span class='ocrx_word' id='word_1_147' title='bbox 1088 1563 1181 1612; x_wconf 88' lang='lat' dir='ltr'>ibidem</span> <span class='ocrx_word' id='word_1_148' title='bbox 1205 1559 1232 1626; x_wconf 66' lang='grc' dir='ltr'>[ξ</span> <span class='ocrx_word' id='word_1_149' title='bbox 1252 1569 1291 1612; x_wconf 78' lang='lat'>55.</span> 
     </span>
     <span class='ocr_line' id='line_1_16' title="bbox 167 1643 1294 1709; baseline -0.001 -15"><span class='ocrx_word' id='word_1_150' title='bbox 167 1646 229 1694; x_wconf 89' lang='lat' dir='ltr'>Vol.</span> <span class='ocrx_word' id='word_1_151' title='bbox 242 1645 277 1694; x_wconf 89' lang='grc' dir='ltr'>Π.</span> <span class='ocrx_word' id='word_1_152' title='bbox 294 1661 319 1709; x_wconf 91' lang='lat' dir='ltr'>p.</span> <span class='ocrx_word' id='word_1_153' title='bbox 338 1650 395 1694; x_wconf 81' lang='lat'>518.</span> <span class='ocrx_word' id='word_1_154' title='bbox 413 1643 517 1706; x_wconf 85' lang='lat' dir='ltr'>Sehu.]:</span> <span class='ocrx_word' id='word_1_155' title='bbox 540 1661 698 1708; x_wconf 83' lang='lat' dir='ltr'>quascumque</span> <span class='ocrx_word' id='word_1_156' title='bbox 715 1645 796 1693; x_wconf 85' lang='lat' dir='ltr'>vineas</span> <span class='ocrx_word' id='word_1_157' title='bbox 813 1644 900 1693; x_wconf 84' lang='lat' dir='ltr'>culturi</span> <span class='ocrx_word' id='word_1_158' title='bbox 916 1662 1007 1707; x_wconf 84' lang='lat' dir='ltr'>sumna,</span> <span class='ocrx_word' id='word_1_159' title='bbox 1028 1662 1056 1694; x_wconf 86' lang='lat' dir='ltr'>ne</span> <span class='ocrx_word' id='word_1_160' title='bbox 1071 1662 1116 1708; x_wconf 89' lang='lat' dir='ltr'>per</span> <span class='ocrx_word' id='word_1_161' title='bbox 1131 1654 1233 1705; x_wconf 65' lang='lat' dir='ltr'>nesam,</span> <span class='ocrx_word' id='word_1_162' title='bbox 1251 1643 1294 1694; x_wconf 83' lang='lat' dir='ltr'>aed</span> 
     </span>
     <span class='ocr_line' id='line_1_17' title="bbox 168 1727 1072 1792; baseline 0 -16"><span class='ocrx_word' id='word_1_163' title='bbox 168 1745 237 1776; x_wconf 87' lang='lat' dir='ltr'>mane</span> <span class='ocrx_word' id='word_1_164' title='bbox 248 1744 321 1792; x_wconf 78' lang='lat' dir='ltr'>nsque</span> <span class='ocrx_word' id='word_1_165' title='bbox 332 1729 358 1777; x_wconf 88' lang='lat' dir='ltr'>in</span> <span class='ocrx_word' id='word_1_166' title='bbox 371 1730 472 1790; x_wconf 89' lang='lat' dir='ltr'>tertiam,</span> <span class='ocrx_word' id='word_1_167' title='bbox 486 1736 508 1775; x_wconf 92' lang='lat' dir='ltr'>et</span> <span class='ocrx_word' id='word_1_168' title='bbox 520 1744 536 1776; x_wconf 91' lang='lat' dir='ltr'>a</span> <span class='ocrx_word' id='word_1_169' title='bbox 548 1727 639 1777; x_wconf 84' lang='lat' dir='ltr'>decima</span> <span class='ocrx_word' id='word_1_170' title='bbox 650 1745 723 1791; x_wconf 77' lang='lat' dir='ltr'>usqne</span> <span class='ocrx_word' id='word_1_171' title='bbox 735 1729 759 1776; x_wconf 88' lang='lat' dir='ltr'>in</span> <span class='ocrx_word' id='word_1_172' title='bbox 771 1728 931 1792; x_wconf 83' lang='lat' dir='ltr'>crepusculum</span> <span class='ocrx_word' id='word_1_173' title='bbox 936 1728 1072 1790; x_wconf 84' lang='lat' dir='ltr'>fodiamus.</span> 
     </span>
    </p>

    <p class='ocr_par' dir='ltr' id='par_1_5' title="bbox 165 1812 1293 2046">
     <span class='ocr_line' id='line_1_18' title="bbox 203 1812 1292 1876; baseline -0.003 -11"><span class='ocrx_word' id='word_1_174' title='bbox 203 1812 256 1875; x_wconf 86' lang='lat'>[76,</span> <span class='ocrx_word' id='word_1_175' title='bbox 272 1813 332 1876; x_wconf 84' lang='lat'>199]</span> <span class='ocrx_word' id='word_1_176' title='bbox 351 1813 483 1875; x_wconf 72' lang='lat' dir='ltr'>Mortifera</span> <span class='ocrx_word' id='word_1_177' title='bbox 492 1828 536 1875; x_wconf 89' lang='lat' dir='ltr'>per</span> <span class='ocrx_word' id='word_1_178' title='bbox 547 1829 660 1861; x_wconf 82' lang='lat' dir='ltr'>somnum.</span> <span class='ocrx_word' id='word_1_179' title='bbox 673 1812 742 1875; x_wconf 88' lang='lat' dir='ltr'>opion</span> <span class='ocrx_word' id='word_1_180' title='bbox 754 1812 849 1874; x_wconf 89' lang='lat' dir='ltr'>vocant]</span> <span class='ocrx_word' id='word_1_181' title='bbox 864 1815 940 1861; x_wconf 81' lang='lat' dir='ltr'>Voss.</span> <span class='ocrx_word' id='word_1_182' title='bbox 954 1817 1004 1862; x_wconf 89' lang='lat' dir='ltr'>duo</span> <span class='ocrx_word' id='word_1_183' title='bbox 1018 1822 1043 1861; x_wconf 93' lang='lat' dir='ltr'>et</span> <span class='ocrx_word' id='word_1_184' title='bbox 1053 1813 1122 1862; x_wconf 84' lang='lat' dir='ltr'>Gud.</span> <span class='ocrx_word' id='word_1_185' title='bbox 1132 1830 1177 1876; x_wconf 87' lang='lat' dir='ltr'>per</span> <span class='ocrx_word' id='word_1_186' title='bbox 1188 1831 1292 1862; x_wconf 83' lang='lat' dir='ltr'>somnam</span> 
     </span>
     <span class='ocr_line' id='line_1_19' title="bbox 168 1896 1293 1969; baseline -0.002 -23"><span class='ocrx_word' id='word_1_187' title='bbox 168 1898 249 1961; x_wconf 82' lang='lat' dir='ltr'>capion</span> <span class='ocrx_word' id='word_1_188' title='bbox 264 1905 359 1946; x_wconf 84' lang='lat' dir='ltr'>vocant:</span> <span class='ocrx_word' id='word_1_189' title='bbox 383 1905 411 1947; x_wconf 89' lang='lat' dir='ltr'>ut</span> <span class='ocrx_word' id='word_1_190' title='bbox 428 1905 453 1946; x_wconf 90' lang='lat' dir='ltr'>et</span> <span class='ocrx_word' id='word_1_191' title='bbox 468 1897 549 1946; x_wconf 87' lang='lat' dir='ltr'>Aoad.</span> <span class='ocrx_word' id='word_1_192' title='bbox 568 1898 616 1946; x_wconf 89' lang='lat' dir='ltr'>nisi</span> <span class='ocrx_word' id='word_1_193' title='bbox 634 1899 703 1959; x_wconf 93' lang='lat' dir='ltr'>quod</span> <span class='ocrx_word' id='word_1_194' title='bbox 719 1896 793 1959; x_wconf 84' lang='lat' dir='ltr'>sapia.</span> <span class='ocrx_word' id='word_1_195' title='bbox 819 1897 984 1969; x_wconf 74' lang='lat' dir='ltr'>Scribonium</span> <span class='ocrx_word' id='word_1_196' title='bbox 997 1911 1029 1944; x_wconf 86' lang='lat' dir='ltr'>ex</span> <span class='ocrx_word' id='word_1_197' title='bbox 1042 1899 1149 1958; x_wconf 89' lang='lat' dir='ltr'>optimo:</span> <span class='ocrx_word' id='word_1_198' title='bbox 1169 1897 1293 1958; x_wconf 84' lang='lat' dir='ltr'>mortifera</span> 
     </span>
     <span class='ocr_line' id='line_1_20' title="bbox 165 1982 514 2046; baseline 0 -16"><span class='ocrx_word' id='word_1_199' title='bbox 165 1999 211 2046; x_wconf 92' lang='lat' dir='ltr'>per</span> <span class='ocrx_word' id='word_1_200' title='bbox 222 1999 321 2032; x_wconf 82' lang='lat' dir='ltr'>somnos.</span> <span class='ocrx_word' id='word_1_201' title='bbox 334 1982 411 2046; x_wconf 86' lang='lat' dir='ltr'>cpiam</span> <span class='ocrx_word' id='word_1_202' title='bbox 424 1989 514 2030; x_wconf 89' lang='lat' dir='ltr'>uocant.</span> 
     </span>
    </p>

    <p class='ocr_par' dir='ltr' id='par_1_6' title="bbox 169 2064 1294 2894">
     <span class='ocr_line' id='line_1_21' title="bbox 204 2064 1292 2130; baseline 0.001 -15"><span class='ocrx_word' id='word_1_203' title='bbox 204 2065 265 2130; x_wconf 80' lang='lat' dir='ltr'>[lh]</span> <span class='ocrx_word' id='word_1_204' title='bbox 292 2064 348 2116; x_wconf 80' lang='lat' dir='ltr'>Cam</span> <span class='ocrx_word' id='word_1_205' title='bbox 366 2064 478 2115; x_wconf 81' lang='lat' dir='ltr'>valetudo</span> <span class='ocrx_word' id='word_1_206' title='bbox 494 2065 632 2129; x_wconf 74' lang='lat' dir='ltr'>impatibilis</span> <span class='ocrx_word' id='word_1_207' title='bbox 650 2065 727 2115; x_wconf 84' lang='lat' dir='ltr'>odiam</span> <span class='ocrx_word' id='word_1_208' title='bbox 746 2067 819 2129; x_wconf 85' lang='lat' dir='ltr'>uitae]</span> <span class='ocrx_word' id='word_1_209' title='bbox 846 2069 954 2128; x_wconf 86' lang='lat' dir='ltr'>Omnes,</span> <span class='ocrx_word' id='word_1_210' title='bbox 977 2066 1118 2130; x_wconf 80' lang='lat' dir='ltr'>impetibilis.</span> <span class='ocrx_word' id='word_1_211' title='bbox 1145 2067 1234 2130; x_wconf 88' lang='lat' dir='ltr'>Neque</span> <span class='ocrx_word' id='word_1_212' title='bbox 1250 2069 1292 2116; x_wconf 87' lang='lat' dir='ltr'>hic</span> 
     </span>
     <span class='ocr_line' id='line_1_22' title="bbox 169 2149 1290 2216; baseline 0 -15"><span class='ocrx_word' id='word_1_213' title='bbox 169 2155 255 2214; x_wconf 90' lang='lat' dir='ltr'>modo,</span> <span class='ocrx_word' id='word_1_214' title='bbox 266 2155 309 2203; x_wconf 87' lang='lat' dir='ltr'>sed</span> <span class='ocrx_word' id='word_1_215' title='bbox 322 2153 398 2202; x_wconf 88' lang='lat' dir='ltr'>etiam</span> <span class='ocrx_word' id='word_1_216' title='bbox 411 2166 466 2215; x_wconf 87' lang='lat' dir='ltr'>cap.</span> <span class='ocrx_word' id='word_1_217' title='bbox 480 2158 512 2200; x_wconf 90' lang='grc'>20</span> <span class='ocrx_word' id='word_1_218' title='bbox 526 2149 579 2212; x_wconf 85' lang='grc'>[81,</span> <span class='ocrx_word' id='word_1_219' title='bbox 594 2149 655 2212; x_wconf 88' lang='grc'>215]</span> <span class='ocrx_word' id='word_1_220' title='bbox 672 2160 770 2214; x_wconf 85' lang='lat' dir='ltr'>propter</span> <span class='ocrx_word' id='word_1_221' title='bbox 781 2152 919 2216; x_wconf 82' lang='lat' dir='ltr'>inpetibiles</span> <span class='ocrx_word' id='word_1_222' title='bbox 932 2168 991 2199; x_wconf 86' lang='lat' dir='ltr'>anae</span> <span class='ocrx_word' id='word_1_223' title='bbox 1004 2153 1101 2200; x_wconf 86' lang='lat' dir='ltr'>morbos.</span> <span class='ocrx_word' id='word_1_224' title='bbox 1120 2153 1153 2200; x_wconf 85' lang='lat' dir='ltr'>Et</span> <span class='ocrx_word' id='word_1_225' title='bbox 1165 2153 1208 2200; x_wconf 93' lang='lat' dir='ltr'>lib.</span> <span class='ocrx_word' id='word_1_226' title='bbox 1222 2158 1263 2211; x_wconf 87' lang='grc'>25,</span> <span class='ocrx_word' id='word_1_227' title='bbox 1277 2158 1290 2200; x_wconf 85' lang='grc'>5</span> 
     </span>
     <span class='ocr_line' id='line_1_23' title="bbox 171 2233 1292 2299; baseline -0.002 -13"><span class='ocrx_word' id='word_1_228' title='bbox 171 2235 224 2298; x_wconf 85' lang='grc'>[24,</span> <span class='ocrx_word' id='word_1_229' title='bbox 239 2234 295 2298; x_wconf 84' lang='lat'><strong>59]:</strong></span> <span class='ocrx_word' id='word_1_230' title='bbox 313 2253 342 2285; x_wconf 91' lang='lat' dir='ltr'>ne</span> <span class='ocrx_word' id='word_1_231' title='bbox 358 2234 437 2284; x_wconf 87' lang='lat' dir='ltr'>nubila</span> <span class='ocrx_word' id='word_1_232' title='bbox 450 2233 488 2284; x_wconf 85' lang='lat' dir='ltr'>die</span> <span class='ocrx_word' id='word_1_233' title='bbox 500 2233 575 2295; x_wconf 83' lang='lat' dir='ltr'>detur,</span> <span class='ocrx_word' id='word_1_234' title='bbox 588 2234 726 2298; x_wconf 77' lang='lat' dir='ltr'>inpetibiles</span> <span class='ocrx_word' id='word_1_235' title='bbox 737 2236 823 2299; x_wconf 80' lang='lat' dir='ltr'>quippe</span> <span class='ocrx_word' id='word_1_236' title='bbox 836 2237 955 2284; x_wconf 84' lang='lat' dir='ltr'>cruciatus</span> <span class='ocrx_word' id='word_1_237' title='bbox 972 2235 1081 2284; x_wconf 80' lang='lat' dir='ltr'>existant.</span> <span class='ocrx_word' id='word_1_238' title='bbox 1106 2236 1212 2286; x_wconf 80' lang='lat' dir='ltr'>Notavit</span> <span class='ocrx_word' id='word_1_239' title='bbox 1229 2239 1292 2285; x_wconf 93' lang='lat' dir='ltr'>etin</span> 
     </span>
     <span class='ocr_line' id='line_1_24' title="bbox 170 2320 1292 2384; baseline -0.004 -13"><span class='ocrx_word' id='word_1_240' title='bbox 170 2321 222 2371; x_wconf 90' lang='lat' dir='ltr'>suis</span> <span class='ocrx_word' id='word_1_241' title='bbox 233 2321 408 2372; x_wconf 81' lang='lat' dir='ltr'>Ferdinandus</span> <span class='ocrx_word' id='word_1_242' title='bbox 424 2320 523 2370; x_wconf 89' lang='lat' dir='ltr'>Nonius</span> <span class='ocrx_word' id='word_1_243' title='bbox 537 2322 679 2381; x_wconf 76' lang='lat' dir='ltr'>Pindarus,</span> <span class='ocrx_word' id='word_1_244' title='bbox 697 2320 833 2384; x_wconf 74' lang='lat' dir='ltr'>ab‘impetn</span> <span class='ocrx_word' id='word_1_245' title='bbox 846 2323 963 2370; x_wconf 91' lang='lat' dir='ltr'>videlicet</span> <span class='ocrx_word' id='word_1_246' title='bbox 980 2321 1095 2383; x_wconf 86' lang='lat' dir='ltr'>(inquit),</span> <span class='ocrx_word' id='word_1_247' title='bbox 1112 2337 1165 2370; x_wconf 89' lang='lat' dir='ltr'>non</span> <span class='ocrx_word' id='word_1_248' title='bbox 1178 2339 1194 2370; x_wconf 91' lang='lat' dir='ltr'>a</span> <span class='ocrx_word' id='word_1_249' title='bbox 1203 2321 1292 2384; x_wconf 88' lang='lat' dir='ltr'>patior.</span> 
     </span>
     <span class='ocr_line' id='line_1_25' title="bbox 170 2403 1293 2470; baseline -0.001 -16"><span class='ocrx_word' id='word_1_250' title='bbox 170 2406 260 2468; x_wconf 87' lang='lat' dir='ltr'>Aqua</span> <span class='ocrx_word' id='word_1_251' title='bbox 273 2406 341 2456; x_wconf 89' lang='lat' dir='ltr'>haud</span> <span class='ocrx_word' id='word_1_252' title='bbox 354 2409 406 2456; x_wconf 92' lang='lat' dir='ltr'>scio</span> <span class='ocrx_word' id='word_1_253' title='bbox 419 2422 452 2456; x_wconf 89' lang='lat' dir='ltr'>an</span> <span class='ocrx_word' id='word_1_254' title='bbox 465 2406 597 2470; x_wconf 88' lang='lat' dir='ltr'>acceperit,</span> <span class='ocrx_word' id='word_1_255' title='bbox 615 2409 659 2455; x_wconf 86' lang='lat' dir='ltr'>sed</span> <span class='ocrx_word' id='word_1_256' title='bbox 676 2415 762 2454; x_wconf 82' lang='lat' dir='ltr'>tamon</span> <span class='ocrx_word' id='word_1_257' title='bbox 775 2423 853 2469; x_wconf 90' lang='lat' dir='ltr'>quum</span> <span class='ocrx_word' id='word_1_258' title='bbox 866 2406 992 2470; x_wconf 80' lang='lat' dir='ltr'>Apuleius</span> <span class='ocrx_word' id='word_1_259' title='bbox 1004 2408 1030 2454; x_wconf 89' lang='lat' dir='ltr'>in</span> <span class='ocrx_word' id='word_1_260' title='bbox 1039 2406 1172 2469; x_wconf 80' lang='lat' dir='ltr'>Apologia</span> <span class='ocrx_word' id='word_1_261' title='bbox 1185 2403 1221 2468; x_wconf 88' lang='lat' dir='ltr'>[p.</span> <span class='ocrx_word' id='word_1_262' title='bbox 1236 2411 1293 2466; x_wconf 84' lang='grc'>328,</span> 
     </span>
     <span class='ocr_line' id='line_1_26' title="bbox 173 2489 1293 2555; baseline 0 -18"><span class='ocrx_word' id='word_1_263' title='bbox 173 2495 212 2538; x_wconf 88' lang='grc'>10.</span> <span class='ocrx_word' id='word_1_264' title='bbox 224 2489 304 2552; x_wconf 76' lang='lat' dir='ltr'>nim]</span> <span class='ocrx_word' id='word_1_265' title='bbox 319 2493 432 2555; x_wconf 82' lang='lat' dir='ltr'>dixisset,</span> <span class='ocrx_word' id='word_1_266' title='bbox 449 2490 533 2540; x_wconf 76' lang='lat' dir='ltr'>sceleri</span> <span class='ocrx_word' id='word_1_267' title='bbox 543 2489 658 2539; x_wconf 82' lang='lat' dir='ltr'>adversus</span> <span class='ocrx_word' id='word_1_268' title='bbox 667 2498 790 2553; x_wconf 90' lang='lat' dir='ltr'>parentem</span> <span class='ocrx_word' id='word_1_269' title='bbox 803 2490 914 2554; x_wconf 80' lang='lat' dir='ltr'>rieesando,</span> <span class='ocrx_word' id='word_1_270' title='bbox 933 2490 1038 2551; x_wconf 79' lang='lat' dir='ltr'>iminani,</span> <span class='ocrx_word' id='word_1_271' title='bbox 1052 2489 1185 2552; x_wconf 79' lang='lat' dir='ltr'>impatibili:</span> <span class='ocrx_word' id='word_1_272' title='bbox 1204 2489 1293 2538; x_wconf 90' lang='lat' dir='ltr'>miram</span> 
     </span>
     <span class='ocr_line' id='line_1_27' title="bbox 171 2574 1293 2640; baseline 0.002 -19"><span class='ocrx_word' id='word_1_273' title='bbox 171 2574 221 2622; x_wconf 87' lang='lat' dir='ltr'>hae</span> <span class='ocrx_word' id='word_1_274' title='bbox 238 2576 344 2626; x_wconf 92' lang='lat' dir='ltr'>notione</span> <span class='ocrx_word' id='word_1_275' title='bbox 361 2592 449 2628; x_wconf 83' lang='lat' dir='ltr'>vocem</span> <span class='ocrx_word' id='word_1_276' title='bbox 466 2593 522 2626; x_wconf 89' lang='lat' dir='ltr'>eam</span> <span class='ocrx_word' id='word_1_277' title='bbox 539 2577 712 2640; x_wconf 87' lang='lat' dir='ltr'>pronuntiavit</span> <span class='ocrx_word' id='word_1_278' title='bbox 728 2577 762 2626; x_wconf 87' lang='lat' dir='ltr'>Is.</span> <span class='ocrx_word' id='word_1_279' title='bbox 780 2576 961 2637; x_wconf 76' lang='lat' dir='ltr'>casaubonus,</span> <span class='ocrx_word' id='word_1_280' title='bbox 984 2592 1061 2638; x_wconf 89' lang='lat' dir='ltr'>quam</span> <span class='ocrx_word' id='word_1_281' title='bbox 1078 2577 1191 2637; x_wconf 86' lang='lat' dir='ltr'>legerent</span> <span class='ocrx_word' id='word_1_282' title='bbox 1207 2575 1293 2639; x_wconf 89' lang='lat' dir='ltr'>plures</span> 
     </span>
     <span class='ocr_line' id='line_1_28' title="bbox 172 2646 1293 2726; baseline 0.003 -21"><span class='ocrx_word' id='word_1_283' title='bbox 172 2646 383 2723; x_wconf 85' lang='lat' dir='ltr'>intelligentibus:</span> <span class='ocrx_word' id='word_1_284' title='bbox 405 2665 509 2726; x_wconf 87' lang='lat' dir='ltr'>proprie</span> <span class='ocrx_word' id='word_1_285' title='bbox 525 2663 592 2712; x_wconf 92' lang='lat' dir='ltr'>enim</span> <span class='ocrx_word' id='word_1_286' title='bbox 610 2659 735 2724; x_wconf 88' lang='lat' dir='ltr'>impetibile</span> <span class='ocrx_word' id='word_1_287' title='bbox 750 2677 804 2712; x_wconf 90' lang='lat' dir='ltr'>esse</span> <span class='ocrx_word' id='word_1_288' title='bbox 821 2661 854 2722; x_wconf 88' lang='lat' dir='ltr'>id,</span> <span class='ocrx_word' id='word_1_289' title='bbox 872 2663 939 2724; x_wconf 89' lang='lat' dir='ltr'>quod</span> <span class='ocrx_word' id='word_1_290' title='bbox 957 2661 1072 2724; x_wconf 91' lang='lat' dir='ltr'>petitioni</span> <span class='ocrx_word' id='word_1_291' title='bbox 1090 2662 1230 2710; x_wconf 88' lang='lat' dir='ltr'>obnoxium</span> <span class='ocrx_word' id='word_1_292' title='bbox 1247 2671 1293 2720; x_wconf 87' lang='lat' dir='ltr'>cst,</span> 
     </span>
     <span class='ocr_line' id='line_1_29' title="bbox 173 2742 1294 2811; baseline 0.004 -21"><span class='ocrx_word' id='word_1_293' title='bbox 173 2745 241 2804; x_wconf 87' lang='lat' dir='ltr'>quod</span> <span class='ocrx_word' id='word_1_294' title='bbox 258 2746 333 2795; x_wconf 81' lang='lat' dir='ltr'>facile</span> <span class='ocrx_word' id='word_1_295' title='bbox 348 2755 433 2811; x_wconf 91' lang='lat' dir='ltr'>potest</span> <span class='ocrx_word' id='word_1_296' title='bbox 448 2747 545 2810; x_wconf 85' lang='lat' dir='ltr'>impeti.</span> <span class='ocrx_word' id='word_1_297' title='bbox 564 2747 600 2795; x_wconf 88' lang='lat' dir='ltr'>sic</span> <span class='ocrx_word' id='word_1_298' title='bbox 613 2745 729 2796; x_wconf 88' lang='lat' dir='ltr'>Solinum</span> <span class='ocrx_word' id='word_1_299' title='bbox 742 2748 773 2795; x_wconf 92' lang='lat' dir='ltr'>de</span> <span class='ocrx_word' id='word_1_300' title='bbox 785 2747 977 2796; x_wconf 86' lang='lat' dir='ltr'>chamaeleonte</span> <span class='ocrx_word' id='word_1_301' title='bbox 993 2743 1061 2809; x_wconf 80' lang='lat' dir='ltr'>[cap.</span> <span class='ocrx_word' id='word_1_302' title='bbox 1075 2742 1132 2806; x_wconf 82' lang='lat'>40]:</span> <span class='ocrx_word' id='word_1_303' title='bbox 1153 2744 1294 2808; x_wconf 78' lang='lat' dir='ltr'>impetibilis</span> 
     </span>
     <span class='ocr_line' id='line_1_30' title="bbox 172 2829 1293 2894; baseline 0.004 -21"><span class='ocrx_word' id='word_1_304' title='bbox 172 2834 207 2874; x_wconf 82' lang='lat' dir='ltr'>cst</span> <span class='ocrx_word' id='word_1_305' title='bbox 217 2832 305 2890; x_wconf 89' lang='lat' dir='ltr'>caraci,</span> <span class='ocrx_word' id='word_1_306' title='bbox 322 2847 339 2878; x_wconf 98' lang='lat' dir='ltr'>a</span> <span class='ocrx_word' id='word_1_307' title='bbox 351 2847 395 2893; x_wconf 89' lang='lat' dir='ltr'>qao</span> <span class='ocrx_word' id='word_1_308' title='bbox 408 2847 459 2878; x_wconf 87' lang='lat' dir='ltr'>curn</span> <span class='ocrx_word' id='word_1_309' title='bbox 476 2830 612 2892; x_wconf 70' lang='lat' dir='ltr'>interfectas</span> <span class='ocrx_word' id='word_1_310' title='bbox 629 2839 670 2891; x_wconf 81' lang='lat' dir='ltr'>eet,</span> <span class='ocrx_word' id='word_1_311' title='bbox 687 2831 796 2880; x_wconf 83' lang='lat' dir='ltr'>victorem</span> <span class='ocrx_word' id='word_1_312' title='bbox 812 2848 878 2880; x_wconf 87' lang='lat' dir='ltr'>snum</span> <span class='ocrx_word' id='word_1_313' title='bbox 894 2831 996 2894; x_wconf 85' lang='lat' dir='ltr'>perimit.</span> <span class='ocrx_word' id='word_1_314' title='bbox 1014 2846 1068 2890; x_wconf 89' lang='lat' dir='ltr'>nec,</span> <span class='ocrx_word' id='word_1_315' title='bbox 1086 2831 1134 2879; x_wconf 92' lang='lat' dir='ltr'>nisi</span> <span class='ocrx_word' id='word_1_316' title='bbox 1151 2829 1225 2878; x_wconf 81' lang='lat' dir='ltr'>fallat</span> <span class='ocrx_word' id='word_1_317' title='bbox 1241 2845 1293 2878; x_wconf 90' lang='lat' dir='ltr'>me-</span> 
     </span>
    </p>
   </div>
   <div class='ocr_carea' id='block_1_3' title="bbox 172 2908 1376 2978">
    <p class='ocr_par' dir='ltr' id='par_1_7' title="bbox 172 2908 1376 2978">
     <span class='ocr_line' id='line_1_31' title="bbox 172 2908 1376 2978; baseline 0.003 -20"><span class='ocrx_word' id='word_1_318' title='bbox 172 2913 267 2972; x_wconf 88' lang='lat' dir='ltr'>moria,</span> <span class='ocrx_word' id='word_1_319' title='bbox 292 2928 345 2963; x_wconf 90' lang='lat' dir='ltr'>esse</span> <span class='ocrx_word' id='word_1_320' title='bbox 363 2915 531 2975; x_wconf 88' lang='lat' dir='ltr'>antiquiorem</span> <span class='ocrx_word' id='word_1_321' title='bbox 549 2914 651 2975; x_wconf 91' lang='lat' dir='ltr'>Solino,</span> <span class='ocrx_word' id='word_1_322' title='bbox 674 2916 717 2978; x_wconf 92' lang='lat' dir='ltr'>qni</span> <span class='ocrx_word' id='word_1_323' title='bbox 736 2908 792 2965; x_wconf 71' lang='lat' dir='ltr'>eim</span> <span class='ocrx_word' id='word_1_324' title='bbox 810 2931 900 2965; x_wconf 90' lang='lat' dir='ltr'>vocem</span> <span class='ocrx_word' id='word_1_325' title='bbox 917 2917 1052 2978; x_wconf 87' lang='lat' dir='ltr'>usurparit.</span> <span class='ocrx_word' id='word_1_326' title='bbox 1075 2925 1164 2978; x_wconf 91' lang='lat' dir='ltr'>postea</span> <span class='ocrx_word' id='word_1_327' title='bbox 1181 2915 1294 2978; x_wconf 86' lang='lat' dir='ltr'>coepisse</span> <span class='ocrx_word' id='word_1_328' title='bbox 1372 2910 1376 2925; x_wconf 77' lang='lat'><strong><em>¹</em></strong></span> 
     </span>
    </p>
   </div>
   <div class='ocr_carea' id='block_1_4' title="bbox 123 2996 1340 4162">
    <p class='ocr_par' dir='ltr' id='par_1_8' title="bbox 123 2996 1340 4162">
     <span class='ocr_line' id='line_1_32' title="bbox 173 2996 1292 3065; baseline 0.003 -21"><span class='ocrx_word' id='word_1_329' title='bbox 173 2996 253 3059; x_wconf 87' lang='lat' dir='ltr'>accipi</span> <span class='ocrx_word' id='word_1_330' title='bbox 271 2997 302 3045; x_wconf 89' lang='lat' dir='ltr'>de</span> <span class='ocrx_word' id='word_1_331' title='bbox 313 3013 340 3047; x_wconf 92' lang='lat' dir='ltr'>re</span> <span class='ocrx_word' id='word_1_332' title='bbox 352 2999 417 3060; x_wconf 87' lang='lat' dir='ltr'>turpi</span> <span class='ocrx_word' id='word_1_333' title='bbox 432 3006 457 3046; x_wconf 95' lang='lat' dir='ltr'>et</span> <span class='ocrx_word' id='word_1_334' title='bbox 468 2999 657 3060; x_wconf 87' lang='lat' dir='ltr'>reprehensioni</span> <span class='ocrx_word' id='word_1_335' title='bbox 669 3000 788 3060; x_wconf 85' lang='lat' dir='ltr'>obnoxia,</span> <span class='ocrx_word' id='word_1_336' title='bbox 802 3011 830 3049; x_wconf 93' lang='lat' dir='ltr'>ut</span> <span class='ocrx_word' id='word_1_337' title='bbox 842 3003 909 3065; x_wconf 89' lang='lat' dir='ltr'>apud</span> <span class='ocrx_word' id='word_1_338' title='bbox 921 3002 1061 3064; x_wconf 88' lang='lat' dir='ltr'>Apuleium</span> <span class='ocrx_word' id='word_1_339' title='bbox 1074 3010 1099 3048; x_wconf 90' lang='lat' dir='ltr'>et</span> <span class='ocrx_word' id='word_1_340' title='bbox 1111 3000 1292 3062; x_wconf 86' lang='lat' dir='ltr'>Symmachum</span> 
     </span>
     <span class='ocr_line' id='line_1_33' title="bbox 173 3080 1340 3148; baseline 0.002 -20"><span class='ocrx_word' id='word_1_341' title='bbox 173 3080 217 3128; x_wconf 88' lang='lat' dir='ltr'>lib.</span> <span class='ocrx_word' id='word_1_342' title='bbox 235 3087 258 3129; x_wconf 86' lang='lat'>9.</span> <span class='ocrx_word' id='word_1_343' title='bbox 276 3082 350 3144; x_wconf 87' lang='lat' dir='ltr'>epist.</span> <span class='ocrx_word' id='word_1_344' title='bbox 370 3087 424 3132; x_wconf 86' lang='lat'>103.</span> <span class='ocrx_word' id='word_1_345' title='bbox 446 3083 473 3130; x_wconf 92' lang='lat' dir='ltr'>in</span> <span class='ocrx_word' id='word_1_346' title='bbox 489 3081 540 3131; x_wconf 90' lang='lat' dir='ltr'>alia</span> <span class='ocrx_word' id='word_1_347' title='bbox 557 3083 643 3131; x_wconf 89' lang='lat' dir='ltr'>omnia</span> <span class='ocrx_word' id='word_1_348' title='bbox 660 3084 696 3132; x_wconf 90' lang='lat' dir='ltr'>ire</span> <span class='ocrx_word' id='word_1_349' title='bbox 714 3083 885 3135; x_wconf 86' lang='lat' dir='ltr'>Glossarium:</span> <span class='ocrx_word' id='word_1_350' title='bbox 914 3082 1058 3148; x_wconf 84' lang='lat' dir='ltr'>Impetibile,</span> <span class='ocrx_word' id='word_1_351' title='bbox 1079 3081 1291 3148; x_wconf 78' lang='grc' dir='ltr'><em>ἀνεπιχείρητον,</em></span> <span class='ocrx_word' id='word_1_352' title='bbox 1336 3096 1340 3105; x_wconf 84' lang='grc'><strong>’</strong></span> 
     </span>
     <span class='ocr_line' id='line_1_34' title="bbox 174 3161 1292 3243; baseline 0.004 -31"><span class='ocrx_word' id='word_1_353' title='bbox 174 3161 393 3230; x_wconf 74' lang='grc' dir='ltr'><em>ἀνεπιτήδευτον,</em></span> <span class='ocrx_word' id='word_1_354' title='bbox 416 3167 487 3229; x_wconf 88' lang='lat' dir='ltr'>qnasi</span> <span class='ocrx_word' id='word_1_355' title='bbox 504 3167 658 3243; x_wconf 82' lang='lat' dir='ltr'>praepositio</span> <span class='ocrx_word' id='word_1_356' title='bbox 676 3168 783 3218; x_wconf 90' lang='lat' dir='ltr'>haberet</span> <span class='ocrx_word' id='word_1_357' title='bbox 799 3171 849 3219; x_wconf 90' lang='lat' dir='ltr'>vim</span> <span class='ocrx_word' id='word_1_358' title='bbox 868 3170 991 3232; x_wconf 87' lang='lat' dir='ltr'>negandi,</span> <span class='ocrx_word' id='word_1_359' title='bbox 1013 3183 1093 3232; x_wconf 89' lang='lat' dir='ltr'>neque</span> <span class='ocrx_word' id='word_1_360' title='bbox 1109 3169 1225 3217; x_wconf 90' lang='lat' dir='ltr'>absurde.</span> <span class='ocrx_word' id='word_1_361' title='bbox 1248 3171 1292 3217; x_wconf 90' lang='lat' dir='ltr'>sed</span> 
     </span>
     <span class='ocr_line' id='line_1_35' title="bbox 173 3250 1293 3317; baseline 0.002 -19"><span class='ocrx_word' id='word_1_362' title='bbox 173 3265 225 3299; x_wconf 90' lang='lat' dir='ltr'>non</span> <span class='ocrx_word' id='word_1_363' title='bbox 237 3252 273 3300; x_wconf 87' lang='lat' dir='ltr'>ita</span> <span class='ocrx_word' id='word_1_364' title='bbox 285 3267 311 3300; x_wconf 88' lang='lat' dir='ltr'>se</span> <span class='ocrx_word' id='word_1_365' title='bbox 324 3259 474 3315; x_wconf 87' lang='lat' dir='ltr'>usurpatum</span> <span class='ocrx_word' id='word_1_366' title='bbox 485 3251 584 3313; x_wconf 82' lang='lat' dir='ltr'>legisse.</span> <span class='ocrx_word' id='word_1_367' title='bbox 609 3250 650 3301; x_wconf 84' lang='lat' dir='ltr'>Sic</span> <span class='ocrx_word' id='word_1_368' title='bbox 664 3251 719 3301; x_wconf 92' lang='lat' dir='ltr'>ille:</span> <span class='ocrx_word' id='word_1_369' title='bbox 742 3266 790 3301; x_wconf 87' lang='lat' dir='ltr'>nee</span> <span class='ocrx_word' id='word_1_370' title='bbox 806 3255 888 3317; x_wconf 90' lang='lat' dir='ltr'>potuit</span> <span class='ocrx_word' id='word_1_371' title='bbox 904 3256 942 3302; x_wconf 87' lang='lat' dir='ltr'>vir</span> <span class='ocrx_word' id='word_1_372' title='bbox 959 3262 1045 3304; x_wconf 88' lang='lat' dir='ltr'>tantus</span> <span class='ocrx_word' id='word_1_373' title='bbox 1057 3254 1116 3313; x_wconf 89' lang='lat' dir='ltr'>labi,</span> <span class='ocrx_word' id='word_1_374' title='bbox 1134 3253 1195 3316; x_wconf 89' lang='lat' dir='ltr'>quin</span> <span class='ocrx_word' id='word_1_375' title='bbox 1207 3252 1293 3300; x_wconf 90' lang='lat' dir='ltr'>multis</span> 
     </span>
     <span class='ocr_line' id='line_1_36' title="bbox 173 3333 1293 3402; baseline 0.002 -20"><span class='ocrx_word' id='word_1_376' title='bbox 173 3334 299 3384; x_wconf 88' lang='lat' dir='ltr'>lubricum</span> <span class='ocrx_word' id='word_1_377' title='bbox 316 3335 478 3398; x_wconf 89' lang='lat' dir='ltr'>relinqueret.</span> <span class='ocrx_word' id='word_1_378' title='bbox 502 3334 592 3398; x_wconf 89' lang='lat' dir='ltr'>Neque</span> <span class='ocrx_word' id='word_1_379' title='bbox 608 3351 656 3399; x_wconf 88' lang='lat' dir='ltr'>ego</span> <span class='ocrx_word' id='word_1_380' title='bbox 671 3339 715 3388; x_wconf 81' lang='lat' dir='ltr'>Fr.</span> <span class='ocrx_word' id='word_1_381' title='bbox 732 3336 846 3387; x_wconf 89' lang='lat' dir='ltr'>Iuretum</span> <span class='ocrx_word' id='word_1_382' title='bbox 864 3354 955 3399; x_wconf 85' lang='lat' dir='ltr'>moror,</span> <span class='ocrx_word' id='word_1_383' title='bbox 975 3340 1026 3402; x_wconf 87' lang='lat' dir='ltr'>qui,</span> <span class='ocrx_word' id='word_1_384' title='bbox 1045 3340 1113 3401; x_wconf 89' lang='lat' dir='ltr'>quod</span> <span class='ocrx_word' id='word_1_385' title='bbox 1126 3338 1234 3388; x_wconf 88' lang='lat' dir='ltr'>Glossae</span> <span class='ocrx_word' id='word_1_386' title='bbox 1245 3333 1293 3384; x_wconf 88' lang='lat' dir='ltr'>Im-</span> 
     </span>
     <span class='ocr_line' id='line_1_37' title="bbox 172 3416 1293 3487; baseline 0.004 -22"><span class='ocrx_word' id='word_1_387' title='bbox 172 3416 277 3479; x_wconf 88' lang='lat' dir='ltr'>petibile,</span> <span class='ocrx_word' id='word_1_388' title='bbox 296 3419 432 3482; x_wconf 85' lang='lat' dir='ltr'>improbum,</span> <span class='ocrx_word' id='word_1_389' title='bbox 450 3435 545 3467; x_wconf 79' lang='lat' dir='ltr'>saevum</span> <span class='ocrx_word' id='word_1_390' title='bbox 563 3420 671 3482; x_wconf 89' lang='lat' dir='ltr'>habent,</span> <span class='ocrx_word' id='word_1_391' title='bbox 690 3423 772 3471; x_wconf 90' lang='lat' dir='ltr'>reddit</span> <span class='ocrx_word' id='word_1_392' title='bbox 789 3438 907 3471; x_wconf 81' lang='lat' dir='ltr'>scaenam:</span> <span class='ocrx_word' id='word_1_393' title='bbox 931 3439 984 3471; x_wconf 93' lang='lat' dir='ltr'>non</span> <span class='ocrx_word' id='word_1_394' title='bbox 1002 3423 1070 3487; x_wconf 90' lang='lat' dir='ltr'>Seip.</span> <span class='ocrx_word' id='word_1_395' title='bbox 1089 3423 1229 3483; x_wconf 84' lang='lat' dir='ltr'>Gentilem,</span> <span class='ocrx_word' id='word_1_396' title='bbox 1253 3424 1293 3470; x_wconf 91' lang='lat' dir='ltr'>cui</span> 
     </span>
     <span class='ocr_line' id='line_1_38' title="bbox 174 3498 1293 3571; baseline 0.006 -25"><span class='ocrx_word' id='word_1_397' title='bbox 174 3498 300 3563; x_wconf 86' lang='lat' dir='ltr'>impetibile</span> <span class='ocrx_word' id='word_1_398' title='bbox 316 3505 348 3553; x_wconf 90' lang='lat' dir='ltr'>ab</span> <span class='ocrx_word' id='word_1_399' title='bbox 363 3504 517 3566; x_wconf 88' lang='lat' dir='ltr'>impetendo,</span> <span class='ocrx_word' id='word_1_400' title='bbox 536 3506 608 3567; x_wconf 88' lang='lat' dir='ltr'>quasi</span> <span class='ocrx_word' id='word_1_401' title='bbox 623 3506 740 3568; x_wconf 88' lang='lat' dir='ltr'>petitioni</span> <span class='ocrx_word' id='word_1_402' title='bbox 757 3515 782 3556; x_wconf 90' lang='lat' dir='ltr'>et</span> <span class='ocrx_word' id='word_1_403' title='bbox 794 3507 981 3571; x_wconf 88' lang='lat' dir='ltr'>reprehensioni</span> <span class='ocrx_word' id='word_1_404' title='bbox 995 3510 1146 3557; x_wconf 87' lang='lat' dir='ltr'>obnoxium:</span> <span class='ocrx_word' id='word_1_405' title='bbox 1164 3522 1218 3556; x_wconf 90' lang='lat' dir='ltr'>non</span> <span class='ocrx_word' id='word_1_406' title='bbox 1230 3507 1293 3557; x_wconf 81' lang='lat' dir='ltr'>Grev.</span> 
     </span>
     <span class='ocr_line' id='line_1_39' title="bbox 174 3586 1294 3655; baseline 0.006 -23"><span class='ocrx_word' id='word_1_407' title='bbox 174 3586 405 3649; x_wconf 81' lang='lat' dir='ltr'>illmenhorstium,</span> <span class='ocrx_word' id='word_1_408' title='bbox 427 3590 468 3637; x_wconf 89' lang='lat' dir='ltr'>cui</span> <span class='ocrx_word' id='word_1_409' title='bbox 484 3587 617 3652; x_wconf 77' lang='lat' dir='ltr'>impetibilis</span> <span class='ocrx_word' id='word_1_410' title='bbox 637 3591 763 3653; x_wconf 84' lang='lat' dir='ltr'>impurus:</span> <span class='ocrx_word' id='word_1_411' title='bbox 790 3607 843 3640; x_wconf 90' lang='lat' dir='ltr'>non</span> <span class='ocrx_word' id='word_1_412' title='bbox 863 3592 901 3640; x_wconf 92' lang='lat' dir='ltr'>Io.</span> <span class='ocrx_word' id='word_1_413' title='bbox 918 3592 1063 3651; x_wconf 89' lang='lat' dir='ltr'>Pricaeum,</span> <span class='ocrx_word' id='word_1_414' title='bbox 1083 3593 1133 3655; x_wconf 91' lang='lat' dir='ltr'>qni,</span> <span class='ocrx_word' id='word_1_415' title='bbox 1151 3600 1180 3640; x_wconf 91' lang='lat' dir='ltr'>nt</span> <span class='ocrx_word' id='word_1_416' title='bbox 1197 3592 1294 3654; x_wconf 88' lang='lat' dir='ltr'>aliquid</span> 
     </span>
     <span class='ocr_line' id='line_1_40' title="bbox 174 3659 1293 3737; baseline 0.006 -21"><span class='ocrx_word' id='word_1_417' title='bbox 174 3672 233 3718; x_wconf 93' lang='lat' dir='ltr'>novi</span> <span class='ocrx_word' id='word_1_418' title='bbox 251 3673 341 3733; x_wconf 89' lang='lat' dir='ltr'>addat,</span> <span class='ocrx_word' id='word_1_419' title='bbox 363 3688 409 3736; x_wconf 90' lang='lat' dir='ltr'>pro</span> <span class='ocrx_word' id='word_1_420' title='bbox 426 3675 569 3737; x_wconf 89' lang='lat' dir='ltr'>impetuoso</span> <span class='ocrx_word' id='word_1_421' title='bbox 587 3676 683 3724; x_wconf 88' lang='lat' dir='ltr'>dictum</span> <span class='ocrx_word' id='word_1_422' title='bbox 700 3659 796 3736; x_wconf 83' lang='lat' dir='ltr'>censet,</span> <span class='ocrx_word' id='word_1_423' title='bbox 816 3675 993 3734; x_wconf 90' lang='lat' dir='ltr'>translatione,</span> <span class='ocrx_word' id='word_1_424' title='bbox 1012 3684 1041 3724; x_wconf 92' lang='lat' dir='ltr'>ut</span> <span class='ocrx_word' id='word_1_425' title='bbox 1057 3672 1100 3735; x_wconf 74' lang='lat' dir='ltr'>aii,</span> <span class='ocrx_word' id='word_1_426' title='bbox 1119 3677 1193 3724; x_wconf 90' lang='lat' dir='ltr'>nimis</span> <span class='ocrx_word' id='word_1_427' title='bbox 1211 3677 1293 3734; x_wconf 88' lang='lat' dir='ltr'>obvia,</span> 
     </span>
     <span class='ocr_line' id='line_1_41' title="bbox 175 3757 1293 3831; baseline 0.006 -30"><span class='ocrx_word' id='word_1_428' title='bbox 175 3768 240 3815; x_wconf 87' lang='lat' dir='ltr'>qnae</span> <span class='ocrx_word' id='word_1_429' title='bbox 264 3757 398 3807; x_wconf 89' lang='lat' dir='ltr'>sceleribus</span> <span class='ocrx_word' id='word_1_430' title='bbox 421 3759 568 3809; x_wconf 88' lang='lat' dir='ltr'>violentiam</span> <span class='ocrx_word' id='word_1_431' title='bbox 593 3760 693 3807; x_wconf 90' lang='lat' dir='ltr'>tribuat.</span> <span class='ocrx_word' id='word_1_432' title='bbox 726 3761 786 3822; x_wconf 92' lang='lat' dir='ltr'>Ipse</span> <span class='ocrx_word' id='word_1_433' title='bbox 807 3759 947 3808; x_wconf 83' lang='lat' dir='ltr'>Salmasius</span> <span class='ocrx_word' id='word_1_434' title='bbox 966 3774 1025 3822; x_wconf 85' lang='lat' dir='ltr'>pag.</span> <span class='ocrx_word' id='word_1_435' title='bbox 1047 3763 1103 3831; x_wconf 76' lang='lat'>⁸⁷⁶¹.</span> <span class='ocrx_word' id='word_1_436' title='bbox 1124 3760 1293 3819; x_wconf 76' lang='lat' dir='ltr'>solimanum,</span> 
     </span>
     <span class='ocr_line' id='line_1_42' title="bbox 123 3835 1292 3907; baseline 0.009 -24"><span class='ocrx_word' id='word_1_437' title='bbox 123 3902 126 3906; x_wconf 23' lang='grc' dir='ltr'>Ι</span> <span class='ocrx_word' id='word_1_438' title='bbox 175 3835 309 3899; x_wconf 76' lang='lat' dir='ltr'>impetibilis</span> <span class='ocrx_word' id='word_1_439' title='bbox 326 3850 360 3889; x_wconf 85' lang='lat' dir='ltr'>est</span> <span class='ocrx_word' id='word_1_440' title='bbox 376 3842 463 3903; x_wconf 87' lang='lat' dir='ltr'>coraci,</span> <span class='ocrx_word' id='word_1_441' title='bbox 483 3844 510 3893; x_wconf 92' lang='lat' dir='ltr'>in</span> <span class='ocrx_word' id='word_1_442' title='bbox 531 3845 621 3892; x_wconf 88' lang='lat' dir='ltr'>eodem</span> <span class='ocrx_word' id='word_1_443' title='bbox 637 3843 698 3892; x_wconf 90' lang='lat' dir='ltr'>ludo</span> <span class='ocrx_word' id='word_1_444' title='bbox 716 3846 819 3892; x_wconf 87' lang='lat' dir='ltr'>edoctus</span> <span class='ocrx_word' id='word_1_445' title='bbox 837 3844 956 3906; x_wconf 86' lang='lat' dir='ltr'>explicat,</span> <span class='ocrx_word' id='word_1_446' title='bbox 978 3860 993 3892; x_wconf 92' lang='lat' dir='ltr'>a</span> <span class='ocrx_word' id='word_1_447' title='bbox 1010 3859 1097 3893; x_wconf 88' lang='lat' dir='ltr'>corace</span> <span class='ocrx_word' id='word_1_448' title='bbox 1114 3845 1202 3907; x_wconf 91' lang='lat' dir='ltr'>impeti</span> <span class='ocrx_word' id='word_1_449' title='bbox 1219 3846 1292 3904; x_wconf 88' lang='lat' dir='ltr'>solet,</span> 
     </span>
     <span class='ocr_line' id='line_1_43' title="bbox 176 3920 1294 3991; baseline 0.007 -23"><span class='ocrx_word' id='word_1_450' title='bbox 176 3920 303 3974; x_wconf 90' lang='lat' dir='ltr'>obnoxius</span> <span class='ocrx_word' id='word_1_451' title='bbox 321 3933 360 3976; x_wconf 91' lang='lat' dir='ltr'>est</span> <span class='ocrx_word' id='word_1_452' title='bbox 376 3928 528 3991; x_wconf 89' lang='lat' dir='ltr'>impetitioni</span> <span class='ocrx_word' id='word_1_453' title='bbox 546 3929 622 3977; x_wconf 86' lang='lat' dir='ltr'>corvi.</span> <span class='ocrx_word' id='word_1_454' title='bbox 649 3929 729 3989; x_wconf 83' lang='lat' dir='ltr'>Tum,</span> <span class='ocrx_word' id='word_1_455' title='bbox 751 3928 824 3977; x_wconf 89' lang='lat' dir='ltr'>Alias</span> <span class='ocrx_word' id='word_1_456' title='bbox 843 3926 981 3990; x_wconf 86' lang='lat' dir='ltr'>impetibile,</span> <span class='ocrx_word' id='word_1_457' title='bbox 1004 3929 1097 3990; x_wconf 89' lang='lat' dir='ltr'>inquit,</span> <span class='ocrx_word' id='word_1_458' title='bbox 1118 3928 1204 3978; x_wconf 90' lang='lat' dir='ltr'>Latini</span> <span class='ocrx_word' id='word_1_459' title='bbox 1222 3943 1294 3977; x_wconf 89' lang='lat' dir='ltr'>usur·</span> 
     </span>
     <span class='ocr_line' id='line_1_44' title="bbox 175 4010 1293 4089; baseline 0.006 -35"><span class='ocrx_word' id='word_1_460' title='bbox 175 4010 331 4083; x_wconf 31' lang='lat' dir='ltr'>pantletiam</span> <span class='ocrx_word' id='word_1_461' title='bbox 350 4012 450 4074; x_wconf 87' lang='lat' dir='ltr'>agentis</span> <span class='ocrx_word' id='word_1_462' title='bbox 472 4013 666 4076; x_wconf 88' lang='lat' dir='ltr'>significatione,</span> <span class='ocrx_word' id='word_1_463' title='bbox 691 4028 736 4077; x_wconf 87' lang='lat' dir='ltr'>pro</span> <span class='ocrx_word' id='word_1_464' title='bbox 754 4028 797 4073; x_wconf 90' lang='lat' dir='ltr'>eo,</span> <span class='ocrx_word' id='word_1_465' title='bbox 821 4015 889 4075; x_wconf 90' lang='lat' dir='ltr'>quod</span> <span class='ocrx_word' id='word_1_466' title='bbox 912 4014 1032 4076; x_wconf 85' lang='lat' dir='ltr'>impetere</span> <span class='ocrx_word' id='word_1_467' title='bbox 1052 4014 1130 4089; x_wconf 76' lang='lat' dir='ltr'>solet,</span> <span class='ocrx_word' id='word_1_468' title='bbox 1151 4028 1204 4061; x_wconf 89' lang='lat' dir='ltr'>non</span> <span class='ocrx_word' id='word_1_469' title='bbox 1226 4015 1293 4075; x_wconf 89' lang='lat' dir='ltr'>quod</span> 
     </span>
     <span class='ocr_line' id='line_1_45' title="bbox 176 4093 1293 4162; baseline 0.009 -24"><span class='ocrx_word' id='word_1_470' title='bbox 176 4093 312 4154; x_wconf 89' lang='lat' dir='ltr'>impetitur.</span> <span class='ocrx_word' id='word_1_471' title='bbox 345 4097 396 4146; x_wconf 86' lang='lat' dir='ltr'>huc</span> <span class='ocrx_word' id='word_1_472' title='bbox 421 4097 498 4147; x_wconf 90' lang='lat' dir='ltr'>Plinii</span> <span class='ocrx_word' id='word_1_473' title='bbox 521 4100 571 4147; x_wconf 91' lang='lat' dir='ltr'>duo</span> <span class='ocrx_word' id='word_1_474' title='bbox 595 4097 673 4148; x_wconf 84' lang='lat' dir='ltr'>refert</span> <span class='ocrx_word' id='word_1_475' title='bbox 698 4107 723 4147; x_wconf 92' lang='lat' dir='ltr'>et</span> <span class='ocrx_word' id='word_1_476' title='bbox 748 4099 853 4162; x_wconf 80' lang='lat' dir='ltr'>Apuleii</span> <span class='ocrx_word' id='word_1_477' title='bbox 878 4098 942 4148; x_wconf 89' lang='lat' dir='ltr'>loca.</span> <span class='ocrx_word' id='word_1_478' title='bbox 977 4099 1090 4159; x_wconf 87' lang='lat' dir='ltr'>Deinde,</span> <span class='ocrx_word' id='word_1_479' title='bbox 1117 4097 1183 4148; x_wconf 90' lang='lat' dir='ltr'>Sane</span> <span class='ocrx_word' id='word_1_480' title='bbox 1208 4113 1293 4148; x_wconf 90' lang='lat' dir='ltr'>reeen-</span> 
     </span>
    </p>
   </div>
   <div class='ocr_carea' id='block_1_5' title="bbox 174 4177 1294 4332">
    <p class='ocr_par' dir='ltr' id='par_1_9' title="bbox 174 4177 1294 4332">
     <span class='ocr_line' id='line_1_46' title="bbox 175 4177 1292 4248; baseline 0.01 -25"><span class='ocrx_word' id='word_1_481' title='bbox 175 4177 252 4227; x_wconf 90' lang='lat' dir='ltr'>tiores</span> <span class='ocrx_word' id='word_1_482' title='bbox 269 4177 354 4229; x_wconf 88' lang='lat' dir='ltr'>Latini</span> <span class='ocrx_word' id='word_1_483' title='bbox 371 4196 416 4244; x_wconf 89' lang='lat' dir='ltr'>pro</span> <span class='ocrx_word' id='word_1_484' title='bbox 432 4196 460 4231; x_wconf 90' lang='lat' dir='ltr'>re</span> <span class='ocrx_word' id='word_1_485' title='bbox 477 4183 545 4232; x_wconf 88' lang='lat' dir='ltr'>mala</span> <span class='ocrx_word' id='word_1_486' title='bbox 565 4191 590 4232; x_wconf 92' lang='lat' dir='ltr'>et</span> <span class='ocrx_word' id='word_1_487' title='bbox 606 4183 741 4234; x_wconf 90' lang='lat' dir='ltr'>inhonesta</span> <span class='ocrx_word' id='word_1_488' title='bbox 758 4182 827 4233; x_wconf 90' lang='lat' dir='ltr'>factu</span> <span class='ocrx_word' id='word_1_489' title='bbox 845 4191 870 4234; x_wconf 90' lang='lat' dir='ltr'>et</span> <span class='ocrx_word' id='word_1_490' title='bbox 887 4183 998 4234; x_wconf 85' lang='lat' dir='ltr'>nefanda</span> <span class='ocrx_word' id='word_1_491' title='bbox 1019 4199 1074 4232; x_wconf 89' lang='lat' dir='ltr'>eam</span> <span class='ocrx_word' id='word_1_492' title='bbox 1094 4199 1182 4234; x_wconf 88' lang='lat' dir='ltr'>vocem</span> <span class='ocrx_word' id='word_1_493' title='bbox 1202 4200 1292 4248; x_wconf 90' lang='lat' dir='ltr'>posue·</span> 
     </span>
     <span class='ocr_line' id='line_1_47' title="bbox 174 4263 1294 4332; baseline 0.008 -22"><span class='ocrx_word' id='word_1_494' title='bbox 174 4268 244 4311; x_wconf 86' lang='lat' dir='ltr'>runt:</span> <span class='ocrx_word' id='word_1_495' title='bbox 267 4263 293 4312; x_wconf 91' lang='lat' dir='ltr'>id</span> <span class='ocrx_word' id='word_1_496' title='bbox 308 4265 399 4327; x_wconf 88' lang='lat' dir='ltr'>probat</span> <span class='ocrx_word' id='word_1_497' title='bbox 415 4279 448 4314; x_wconf 87' lang='lat' dir='ltr'>ex</span> <span class='ocrx_word' id='word_1_498' title='bbox 466 4265 628 4330; x_wconf 87' lang='lat' dir='ltr'>Symmacho.</span> <span class='ocrx_word' id='word_1_499' title='bbox 652 4270 776 4330; x_wconf 82' lang='lat' dir='ltr'>Tandem,</span> <span class='ocrx_word' id='word_1_500' title='bbox 794 4269 921 4332; x_wconf 79' lang='lat' dir='ltr'>Quicquid</span> <span class='ocrx_word' id='word_1_501' title='bbox 939 4270 1034 4320; x_wconf 89' lang='lat' dir='ltr'>malum</span> <span class='ocrx_word' id='word_1_502' title='bbox 1052 4278 1118 4318; x_wconf 88' lang='lat' dir='ltr'>esset</span> <span class='ocrx_word' id='word_1_503' title='bbox 1134 4277 1159 4320; x_wconf 91' lang='lat' dir='ltr'>et</span> <span class='ocrx_word' id='word_1_504' title='bbox 1177 4271 1294 4320; x_wconf 89' lang='lat' dir='ltr'>odiosum</span> 
     </span>
    </p>
   </div>
   <div class='ocr_carea' id='block_1_6' title="bbox 1070 4352 1088 4413">
    <p class='ocr_par' dir='ltr' id='par_1_10' title="bbox 1070 4352 1088 4413">
     <span class='ocr_line' id='line_1_48' title="bbox 1070 4352 1088 4413; baseline 0 0"><span class='ocrx_word' id='word_1_505' title='bbox 1070 4352 1088 4413; x_wconf 82' lang='lat'><strong>2</strong></span> 
     </span>
    </p>
   </div>
   <div class='ocr_carea' id='block_1_7' title="bbox 0 0 1476 4794">
    <p class='ocr_par' dir='ltr' id='par_1_11' title="bbox 0 0 1476 4794">
     <span class='ocr_line' id='line_1_49' title="bbox 0 0 1476 4794; baseline 0 0"><span class='ocrx_word' id='word_1_506' title='bbox 0 0 1476 4794; x_wconf 95' lang='lat' dir='ltr'> </span> 
     </span>
    </p>
   </div>
  </div>
 </body>
</html>
