2918 4794
173 292 279 335 xxx1v
609 294 855 339 momontum.

173 444 264 508 vinae
278 463 310 526 p.
327 442 378 518 60,
394 444 425 519 2,
448 443 639 528 viturdpiaco
660 463 692 527 p.
710 444 782 519 187,
798 447 827 520 7,
849 446 930 509 vicio
954 445 1070 531 (vibio)
1092 467 1124 530 p.
1148 448 1222 524 226,
1243 449 1293 527 12,

173 554 415 639 aubvcrocfactia
437 572 469 636 p.
493 551 566 628 205,
590 553 639 616 19.

216 662 269 726 Ex
290 662 341 728 his
362 684 445 747 quae
466 659 629 727 attulimus
651 662 806 747 exemplis
828 663 912 729 clare
927 676 1062 751 apparet
1081 665 1151 732 illas
1172 667 1293 735 formas

172 797 236 840 non
251 772 379 838 omnino
393 793 453 858 pro
465 770 610 856 lapsibus
625 771 739 836 calami
752 773 917 839 habendas
931 796 1013 854 esse,
1036 776 1186 860 quoniam
1201 790 1292 844 tena-

172 883 298 949 cissime
318 891 517 968 repetuntur,
545 903 627 964 quae
648 881 779 965 quidem
805 883 840 947 in
862 884 1030 951 scribendo
1051 888 1230 953 constantia
1251 886 1292 953 ab

171 993 334 1060 erroribus
355 991 477 1078 passim
499 991 602 1058 obviis
615 991 711 1080 longe
727 992 856 1058 diversa
873 1005 932 1059 est.
954 993 1028 1061 Non
1043 998 1127 1063 enim
1142 1020 1184 1063 cx
1197 997 1291 1086 igno-

171 1106 278 1170 rantia
291 1102 430 1188 quadam
451 1102 573 1169 romani
595 1102 647 1168 vel
668 1102 784 1168 urbani
807 1105 963 1170 sermonis
977 1107 1030 1171 vel
1050 1107 1160 1177 λέξεως
1182 1113 1291 1192 κοινῆς,

89 1208 94 1217 ’
169 1216 228 1283 sed
249 1237 323 1282 cum
343 1213 469 1278 delectu
492 1213 632 1296 quodam
651 1213 712 1278 hae
736 1236 794 1278 sua
815 1215 935 1281 rustica
955 1215 1067 1303 lingua
1092 1217 1292 1301 antiquarius

168 1326 332 1402 utebatur,
354 1344 520 1401 eumeam
541 1345 606 1388 non
627 1323 746 1409 ubique
768 1323 928 1402 adhibeat,
952 1325 1008 1391 sed
1030 1349 1140 1392 veram
1155 1328 1292 1413 scriptu·

168 1459 238 1501 ram
258 1434 420 1499 interdum
446 1443 611 1518 sequatur,
638 1443 674 1498 ut
702 1433 782 1498 haec
809 1435 956 1519 exempla
981 1435 1115 1501 docent:
1145 1449 1237 1524 atque
1258 1461 1292 1524 p.

169 1550 221 1624 72,
245 1547 295 1610 19.
322 1544 395 1621 219,
418 1544 448 1607 2.
476 1545 549 1620 241,
573 1546 623 1621 11,
652 1555 686 1608 at
705 1567 738 1629 p.
761 1545 835 1621 221,
859 1548 889 1621 7,
910 1545 1177 1632 hermaphroditis
1190 1570 1223 1634 p.
1240 1548 1291 1625 71,

170 1657 288 1722 10.19.
312 1655 363 1733 72,
379 1655 411 1731 5,
434 1664 535 1719 enatat
557 1677 588 1740 p.
606 1654 744 1731 154,13,
768 1657 916 1719 exsistere
938 1676 970 1739 p.
995 1657 1067 1733 108,
1090 1658 1141 1735 14,
1167 1669 1292 1722 eramo

167 1789 200 1854 p.
217 1768 269 1844 20,
283 1768 315 1842 4,
335 1768 391 1830 ced
404 1786 436 1849 p.
453 1765 505 1842 66,
517 1765 547 1829 l.
568 1765 642 1842 220,
654 1765 686 1843 3,
701 1768 790 1852 apud
803 1786 836 1849 p.
848 1765 922 1841 218,
934 1765 987 1842 20,
1003 1766 1094 1832 aliud
1108 1789 1140 1852 p.
1153 1769 1226 1845 220,
1238 1767 1291 1832 25.
1414 1845 1420 1859 ,

689 2041 704 2123 ς
737 2039 767 2102 a

415 2180 463 2230 DE
481 2176 698 2231 ΔΒΟΗΕΤῩΡΟ
715 2178 869 2242 EIUSQUE
886 2179 1040 2232 AETATE.

222 2309 252 2374 Ε
281 2309 406 2391 codice,
440 2333 536 2396 quem
566 2309 739 2391 hebemus,
773 2311 919 2378 conicere
950 2310 1045 2377 nobis
1078 2312 1174 2389 licet,
1206 2333 1291 2396 quaa

168 2423 202 2487 in
230 2421 403 2508 archetypo
429 2421 526 2487 fuerit
554 2422 745 2510 paginarum
773 2433 806 2488 et
829 2422 950 2489 formae
978 2423 1070 2502 ratio,
1099 2422 1291 2506 quoniame

165 2532 330 2598 literarum
349 2531 542 2596 omissurum
557 2554 692 2597 numero
712 2531 835 2615 liquido
857 2543 983 2598 constat
1005 2532 1220 2615 antiquarium
1241 2533 1292 2599 vel

166 2665 267 2708 unum
288 2640 340 2707 vel
361 2639 541 2725 complures
562 2662 675 2705 versus
697 2640 863 2726 archetypi
890 2642 1092 2726 praeterisse,
1123 2644 1205 2709 conf.
1228 2648 1243 2730 ς
1260 2649 1289 2710 7.

167 2777 200 2839 p.
218 2774 311 2816 xx1v.
340 2748 559 2832 Quamobrem
580 2749 863 2827 dinumeravimus,
885 2760 963 2835 quot
980 2751 1094 2821 literae
1110 2755 1161 2821 vel
1181 2755 1290 2822 arohe-

99 2896 104 2907 ·
168 2863 240 2949 typi
260 2862 364 2927 lineae
385 2882 404 2925 e
425 2859 633 2945 palimpsesto
654 2859 890 2926 interciderint:

231 2975 274 3040 20
293 2972 406 3038 literae
428 2970 480 3036 vel
501 2968 668 3056 archetypi
689 2993 804 3036 versus
818 2972 843 3065 ¹l
867 2972 1023 3038 omittitur
1044 2996 1076 3059 p.
1100 2976 1151 3053 91,
1174 2978 1203 3041 2.

231 3085 273 3150 20
337 3131 358 3161 n
444 3129 464 3158 n
571 3129 592 3159 aa
735 3130 756 3161 η
822 3083 839 3146 Ῑ
927 3132 948 3162 9,
1040 3109 1073 3172 Ρ.
1097 3086 1171 3164 155,
1194 3087 1245 3151 20.

231 3195 272 3258 22
336 3240 358 3270 22
444 3240 464 3271 11
573 3240 581 3271 2
928 3243 949 3273 59
1042 3217 1074 3280 p·
1100 3198 1150 3274 12,
1173 3196 1203 3261 5·

231 3304 272 3368 22
337 3349 357 3380 ,,
454 3349 463 3381 ,
581 3349 591 3381 ,
928 3351 948 3381 ,,
1042 3328 1074 3391 p.
1098 3305 1169 3384 129,
1194 3308 1224 3371 2.

931 3460 952 3490 ,,
1044 3416 1172 3500 ρ.239,
1196 3418 1245 3481 12.

822 3197 838 3257 l

570 3349 579 3379 ,
824 3306 840 3366 1

232 3413 273 3477 23
337 3461 359 3491 η
445 3460 466 3492 52
574 3459 594 3490 55
827 3415 843 3475 1

231 3523 273 3587 24
337 3571 358 3601 η
444 3570 465 3600 υ
573 3569 594 3600 v
737 3568 758 3599 n
825 3522 842 3584 1

231 3632 273 3698 24
337 3680 358 3710 n
444 3679 465 3710 υ
573 3679 594 3708 rr
738 3678 759 3708 η
826 3632 842 3695 1
930 3679 951 3710 η
1044 3636 1223 3719 [331112.

821 3744 837 3805 l

824 3856 840 3916 1

824 3965 841 4026 l

824 4073 840 4134 l

930 3569 950 3598 „
1042 3545 1075 3608 p.
1100 3524 1172 3604 114,
1194 3527 1245 3592 21.

231 3745 273 3807 24
338 3790 358 3819 52
445 3789 464 3818 '9
572 3789 592 3821 25

232 3854 272 3918 25
338 3899 358 3930 a
445 3898 465 3928 ra
572 3899 593 3928 n

87 4000 92 4007 '
233 3962 273 4025 26
339 4008 360 4038 η
447 4008 467 4038 n
574 4010 593 4040 aa

233 4072 274 4136 28
339 4119 360 4150 ,,
446 4119 467 4149 ,,
574 4120 594 4151 ,,

926 3791 945 3823 ,,
1039 3766 1072 3829 p.
1095 3746 1169 3825 251,
1193 3750 1244 3812 11.

928 3899 948 3931 ,,
1041 3877 1072 3940 p.
1096 3856 1149 3935 97,
1171 3858 1201 3920 9.

929 4010 950 4040 ,,
1043 3985 1074 4050 p.
1099 3967 1169 4044 173,
1194 3969 1243 4033 18.

928 4120 949 4150 ,,
1042 4096 1075 4159 p.
1098 4076 1149 4154 25,
1172 4079 1201 4141 9.
