2918 4794
1247 257 1282 297 lx

165 419 290 482 mento
324 408 495 482 effectum
526 417 592 497 est,
627 418 668 481 ut
701 408 793 481 haec
822 409 861 480 in
889 402 1087 481 Germania
1118 405 1284 503 prodiret

167 559 289 633 editio.
324 558 421 633 Nam
447 585 530 633 cum
555 561 617 633 vel
644 560 743 632 omni
774 559 886 632 ullius
917 559 1012 631 lueri
1044 582 1109 654 spe
1141 558 1284 631 abiecta

166 710 276 783 huius
312 710 484 785 editionis
519 709 707 806 parandae
742 719 912 806 sumptus
947 733 1006 782 me
1040 710 1285 782 toleraturum

167 886 248 934 esse
266 862 549 950 constituissem,
577 884 621 932 eo
640 860 806 949 consilio,
828 871 871 932 ut
889 870 925 932 et
942 859 1183 933 humanitatis
1204 860 1284 932 lite·

165 1038 292 1086 rarum
318 1010 520 1086 commodis
548 1011 725 1084 servirem
743 1019 780 1082 et
802 1009 965 1084 debitam
983 1006 1202 1084 Germaniae
1220 1033 1284 1082 no·

167 1173 265 1235 strae
291 1162 440 1235 laudem
467 1184 664 1251 servarem,
696 1186 772 1234 non
806 1162 950 1235 faustus
977 1172 1102 1233 tamen
1130 1160 1285 1233 consilio

167 1310 423 1408 respondisset
454 1321 627 1400 eventus,
662 1311 736 1384 nisi
765 1312 851 1384 illos
883 1337 976 1407 quos
1009 1311 1087 1384 dixi
1117 1311 1286 1384 homines

169 1463 290 1560 operis
318 1461 505 1536 adiutores
532 1461 756 1536 habuissem.
782 1460 927 1537 Horum
950 1463 1049 1534 enim
1067 1460 1286 1561 splendidis·

168 1614 262 1686 sima
289 1624 325 1686 et
349 1639 416 1710 per
444 1613 571 1686 orbem
596 1613 784 1685 literatum
814 1612 1103 1685 celebratissima
1137 1611 1289 1684 nomina

168 1789 249 1837 eam
266 1789 385 1838 novae
404 1763 557 1836 editioni
575 1762 775 1836 effecerunt
801 1764 1116 1860 exspectationem
1134 1786 1287 1859 eamque

168 1913 459 1986 conciliaverunt
486 1912 853 2005 commendationem,
880 1925 922 1987 ut
947 1916 1008 1988 vel
1034 1939 1078 1987 eo
1098 1915 1179 2010 ipso
1197 1924 1286 1986 tem·

168 2090 271 2161 pore,
307 2063 408 2161 quod
436 2074 514 2136 tam
544 2088 669 2136 rerum
699 2064 933 2160 publicarum
964 2065 1286 2155 administrationi,

167 2240 278 2310 quam
304 2217 437 2311 quietis
462 2214 654 2289 Musarum
681 2216 811 2287 castris
844 2189 1099 2288 calamitosum
1125 2240 1206 2288 esse
1233 2218 1287 2290 vi·

168 2365 342 2456 debatur,
377 2391 454 2437 non
490 2364 662 2437 deessent
696 2366 760 2461 qui
790 2365 991 2438 editionem
1022 2390 1060 2438 se
1096 2376 1285 2463 empturos

167 2543 248 2590 esse
274 2517 548 2615 profiterentur.
580 2515 649 2589 His
675 2509 790 2614 igitur
816 2518 906 2591 viris
931 2516 1085 2590 debetur
1112 2517 1287 2614 quiequid

165 2671 308 2743 fructus
323 2693 370 2742 ex
383 2669 453 2742 hac
466 2667 565 2741 Plini
584 2669 745 2743 editione
764 2668 812 2741 ad
830 2634 988 2766 optimas
1006 2671 1133 2742 literas
1151 2669 1285 2742 redun-

167 2819 315 2894 davisse
342 2822 561 2894 censebitur.

215 2968 285 3041 His
312 2971 364 3041 ita
391 2972 569 3065 expositis
596 2995 714 3042 unum
739 2972 830 3043 mihi
853 2982 1022 3068 superest
1038 2973 1187 3067 pietatis
1206 2972 1283 3043 offi-

167 3119 281 3205 cium,
313 3119 374 3189 oui
397 3118 615 3213 priusquam
641 3119 870 3211 satisfecero,
906 3123 975 3194 hae
1011 3121 1195 3194 scribendi
1222 3132 1286 3193 aut

168 3268 443 3365 opportunitate
479 3278 543 3340 aut
573 3269 793 3343 necessitate
824 3296 901 3344 non
935 3282 1034 3344 recte
1069 3296 1160 3344 usus
1194 3271 1286 3343 mihi

165 3418 330 3493 videbor.
367 3416 514 3492 Scilicet
539 3422 679 3516 paucis,
714 3420 763 3494 ad
790 3445 883 3518 quae
914 3447 1018 3495 meus
1045 3448 1103 3495 me
1130 3423 1287 3519 impellit

167 3571 323 3661 animus
356 3570 402 3645 de
428 3572 510 3668 ipso
538 3566 680 3669 Sillipio
709 3572 907 3645 dicendum
934 3584 999 3646 est.
1038 3570 1110 3660 Qui
1137 3572 1286 3669 quidem

167 3722 255 3817 quid
285 3723 355 3795 hae
391 3723 552 3797 editione
578 3722 677 3795 Plini
713 3724 941 3816 adornanda,
977 3727 1015 3797 in
1047 3750 1120 3819 qua
1150 3725 1287 3796 bonam

165 3874 263 3946 vitae
289 3886 433 3970 partem
461 3878 699 3973 consumpsit,
727 3902 813 3951 vere
836 3877 1072 3973 praestiterit,
1100 3887 1134 3948 et
1162 3879 1287 3949 neseio

166 4025 335 4119 equidem
362 4036 426 4127 et*
437 4029 468 4098 si
495 4029 556 4101 vel
581 4030 742 4101 maxime
762 4030 904 4119 scirem,
932 4054 990 4100 me
1012 4029 1165 4101 taciturn
1182 4054 1285 4125 prae·

164 4177 275 4248 terire
303 4177 466 4269 deceret3
495 4190 533 4252 at
550 4180 621 4254 hoc
639 4183 770 4255 saltem
789 4183 921 4280 quibus
940 4207 1094 4279 possum
1112 4180 1285 4254 laudibus
