2918 4794
527 303 632 345 noras
648 303 691 344 sn
705 303 788 344 ursa.
803 303 923 345 xxxm.
1245 282 1288 346 83

164 453 239 506 tiani:
258 468 309 518 quo
321 466 374 503 non
385 459 521 503 contentus
533 454 577 502 ille
589 452 730 516 corrigitis
742 452 796 516 ipso
807 451 899 502 Lindo:
917 467 1000 515 neque
1017 453 1084 502 enim
1096 448 1199 504 decesso
1210 453 1287 504 inisse

164 540 284 600 subiungi
302 537 326 586 irs
344 536 398 600 ipso
414 535 508 598 Rhodo,
530 552 588 586 oum
609 553 624 587 1
644 538 770 601 principio
787 538 883 588 dictum
904 537 971 587 foret
990 536 1015 585 io
1031 536 1181 605 Rhodiorum
1201 537 1287 587 insula.

164 622 249 673 Immo
270 623 331 685 quid
347 635 451 671 necesse
467 620 517 670 fuit
537 622 627 670 subiici
643 621 667 670 in
683 621 739 684 ipso
756 619 850 682 Lindo,
871 636 930 671 cum
950 628 1002 671 tam
1022 622 1132 670 vicinum
1152 624 1288 685 praecedat

163 704 233 770 opud
242 703 358 754 Lindiam
370 704 523 755 Mineruam?
541 707 585 756 An
596 706 689 756 Lindia
701 706 817 756 Minerva
827 721 880 755 uon
892 714 946 757 erat
957 707 984 755 in
1000 707 1055 770 ipss
1065 705 1167 756 Lindo?
1185 705 1224 754 A't
1234 704 1288 767 ipso

164 787 265 839 Riodoc
279 803 332 839 non
348 796 386 839 est
402 791 563 841 Rhodiorum
583 784 667 840 insula
682 791 777 850 Plinio,
799 792 843 839 sed
861 792 984 854 oppidum
1000 791 1109 839 Rhodos
1128 789 1156 837 in
1171 790 1287 839 Rhodio-

163 889 222 924 rum
233 873 324 924 insula

201 954 254 1018 [111,
270 955 329 1018 lto]
348 956 379 1006 Ia
390 955 480 1007 duobus
490 956 585 1022 scyphis
597 957 664 1009 H·S.
675 957 739 1008 XII
745 957 888 1020 1111111111]
906 959 963 1021 Ego
979 958 1133 1021 interpretor
1145 958 1287 1008 sestertium

165 1041 311 1103 duodecies,
327 1043 354 1090 id
366 1049 413 1102 est,
431 1056 508 1092 censu
519 1044 653 1105 senatorio,
671 1043 707 1092 ait
718 1044 847 1092 Budaeus.
865 1044 903 1093 At
914 1043 1078 1093 ciacconius:
1096 1041 1169 1102 Quae
1179 1047 1256 1090 uotae
1267 1039 1288 1088 si

165 1123 290 1175 duodecies
304 1125 435 1176 11111νεί111
451 1128 596 1190 designant,
618 1128 724 1188 triginta
739 1134 897 1176 scutatorum
914 1126 995 1176 millia
1012 1127 1161 1176 conficiunt:
1182 1126 1287 1184 sivero,

164 1211 287 1274 quoniam
300 1211 331 1261 ds
340 1210 445 1261 Graecis
456 1212 491 1261 ibi
502 1227 584 1261 senno
597 1220 642 1272 est,
652 1205 674 1258 A
684 1209 750 1272 XII,
762 1213 843 1272 idest,
855 1210 948 1259 11111111
957 1209 1084 1272 duodecim,
1093 1220 1132 1260 est
1143 1211 1288 1273 legendnm,

165 1297 258 1345 scutati
274 1303 334 1345 sunt
351 1299 424 1347 7200.
452 1295 591 1346 Salmasius
607 1297 724 1358 corrigit,
744 1295 859 1344 1111111111
876 1294 990 1358 quiaque,
1007 1295 1051 1345 ioc
1066 1303 1112 1357 est,
1131 1292 1210 1359 pondo
1227 1292 1293 1344 XII

164 1378 305 1428 1111111111.
332 1379 409 1440 Quod
426 1381 544 1443 equidem
561 1382 640 1430 miror
656 1381 829 1441 vehementer,
851 1394 909 1430 cum
924 1395 1028 1444 prorsus
1045 1380 1180 1431 abhorreat
1195 1396 1211 1429 a
1226 1393 1288 1428 con-

165 1464 298 1514 suetudine
317 1462 409 1514 Latine
429 1465 597 1526 loquentium.
624 1465 765 1515 Vossianus
785 1465 850 1513 nihil
870 1472 960 1514 mutat.
988 1465 1054 1516 (iud.
1074 1466 1144 1514 Men.
1166 1472 1191 1513 et
1205 1464 1287 1513 Acad.

161 1545 243 1611 pondo
259 1545 325 1597 XII.
347 1548 437 1611 Itaque
453 1548 639 1611 simplicissime
654 1549 823 1611 intelligenda
840 1550 975 1598 duodecim
990 1549 1072 1599 millia
1087 1553 1227 1610 nummum,
1244 1563 1288 1597 seu

164 1633 272 1682 trecenti
280 1632 401 1696 Philippi.
413 1632 472 1682 Hoc
483 1639 509 1681 et
519 1634 642 1682 materiae
654 1641 680 1682 et
691 1647 781 1682 manus
792 1632 913 1696 pretium:
923 1635 969 1683 sed
977 1635 1097 1684 materiae
1106 1648 1159 1683 uon
1167 1647 1288 1695 magnum

165 1719 267 1779 pondus
278 1717 356 1767 luisse
367 1719 394 1768 in
405 1718 507 1781 scyphis
520 1717 581 1766 sotis
592 1717 681 1779 liquet.

201 1799 264 1864 [It]
285 1799 357 1850 Ouios
372 1803 441 1850 11111
456 1801 540 1850 111111
556 1800 643 1864 uiginti
653 1798 786 1862 recurunt]
805 1803 837 1851 In
849 1809 949 1851 vetusto
966 1803 1106 1864 exemplari
1123 1816 1177 1850 non
1194 1799 1286 1864 uiginti,

165 1888 211 1936 sed
223 1883 300 1934 decem
312 1885 363 1949 legi
373 1892 482 1937 testatur
493 1887 627 1946 Budaeus,
642 1885 779 1948 utrobique
791 1891 876 1935 tamen
889 1887 975 1935 deesse
987 1901 1112 1935 summam
1124 1886 1211 1934 videri.
1230 1885 1284 1936 Sal-

165 1970 274 2020 matius:
294 1971 349 2020 Aut
366 1973 398 2020 de
414 1972 502 2035 pondo
518 1979 564 2021 aut
581 1972 612 2020 do
628 1970 748 2020 sestertiis
764 1970 971 2033 intelligendum,
993 1985 1058 2033 quae
1078 1970 1192 2020 sestertia
1211 1971 1287 2019 libras

165 2054 230 2103 duas
245 2068 303 2104 eum
320 2056 424 2105 semisse
440 2055 538 2105 faciunt
553 2057 660 2118 argenti.
679 2055 788 2106 Sicilie.
811 2056 917 2104 Frustra
933 2055 1039 2119 dubitat.
1058 2057 1092 2104 llt
1108 2053 1187 2102 omire
1202 2053 1289 2117 oiqiuti

163 2136 243 2201 pondo
258 2146 285 2188 et
295 2140 418 2189 aestimari
434 2138 554 2189 duodecim
568 2139 656 2204 pondo,
673 2142 744 2203 qnod
759 2141 791 2190 sit
808 2141 889 2203 pretio
902 2140 1023 2189 librarum
1035 2140 1124 2202 viginti
1136 2148 1181 2190 aut
1193 2141 1286 2188 duode-

165 2223 224 2283 cim,
239 2237 368 2274 sermones
380 2233 440 2275 sunt
450 2234 575 2276 mercatus
586 2240 638 2275 non
650 2225 773 2275 Romani:
790 2238 874 2287 neque
890 2225 958 2272 euim
974 2224 1033 2284 illis,
1050 2239 1080 2273 eo
1093 2224 1181 2287 ntique
1193 2223 1286 2284 seculo,

165 2315 196 2356 ut
210 2308 285 2358 nobis
300 2309 384 2369 hodie,
401 2307 462 2358 libro
480 2311 521 2359 vol
535 2308 615 2374 pondo
631 2311 729 2373 argenti
744 2325 790 2372 pro
808 2309 900 2371 signati
916 2309 1015 2371 argenti
1032 2323 1132 2358 summa
1148 2309 1285 2358 dicebatur.

167 2390 244 2452 Quod
255 2401 340 2443 autem
351 2395 444 2443 librum
455 2399 566 2443 veterem
576 2393 613 2453 X,
623 2409 676 2442 non
684 2393 750 2452 XX,
760 2393 877 2442 habuisse
889 2393 932 2453 ait,
944 2393 966 2441 is
978 2400 1049 2442 tanto
1061 2393 1132 2455 peior
1144 2392 1199 2441 fuit.
1209 2391 1286 2441 Voss.

167 2477 245 2527 claret
261 2475 320 2526 Fuit
334 2484 357 2525 et
368 2477 482 2542 Pytheas,
499 2477 567 2526 cuiue
582 2475 646 2525 duae
661 2476 744 2525 urcium
755 2477 818 2527 XX
831 2475 959 2526 venierunt.
977 2477 1034 2527 Hoc
1047 2485 1091 2537 est,
1109 2478 1197 2539 viginti
1210 2476 1285 2525 milli-

166 2562 214 2610 bus
225 2565 364 2623 nummhm,
382 2575 448 2624 quae
465 2570 491 2611 et
505 2562 595 2625 viginti
608 2562 721 2610 sestertia
737 2561 861 2622 dicebant,
880 2569 906 2611 et
922 2569 981 2611 sunt
996 2561 1074 2610 nostri
1087 2561 1202 2624 Philippi
1214 2561 1285 2622 quin-

165 2646 250 2708 genti,
274 2660 352 2709 quum
377 2647 457 2696 solius
481 2647 603 2696 materias
623 2645 732 2710 pretinm
754 2647 803 2696 sint
826 2647 935 2696 sedecim
956 2646 1066 2705 denarii,
1089 2645 1130 2695 vel
1153 2645 1287 2708 sexaginta

166 2738 276 2793 quatuor
287 2730 385 2779 nummi
397 2733 513 2793 sestertii,
524 2732 608 2781 nostri
620 2733 671 2780 duo
683 2731 761 2782 deleri
774 2738 818 2781 aut
828 2732 918 2794 paullo
931 2732 997 2794 plus.
1015 2731 1082 2781 Gud.
1096 2745 1204 2793 quoque,
1216 2731 1286 2779 Men.
1361 2733 1366 2739 “

166 2825 193 2864 11
203 2815 285 2864 Acad.
297 2813 359 2863 duue
371 2814 455 2863 unciae
465 2814 556 2879 viginti.

201 2897 254 2960 [55,
268 2897 328 2960 157]
347 2899 387 2950 Ne
398 2898 505 2962 exemplo
516 2898 609 2961 quidem
622 2899 700 2949 lueret
710 2900 854 2963 exprimere:
871 2909 919 2949 tom
932 2908 1065 2963 opportuna
1077 2898 1192 2961 iniuriae]
1212 2902 1288 2951 Voss.

167 2998 284 3048 quoque,
294 2986 363 3034 Men.
377 2984 442 3035 Gud.
456 2993 481 3034 et
493 2986 573 3033 Aced.
590 2982 744 3047 exemplario.
767 2985 899 3034 Reinesius
914 2986 941 3033 in
957 2986 1032 3034 variis
1046 2982 1081 3045 [2,
1096 2989 1118 3032 7.
1135 3000 1160 3047 p.
1175 2983 1234 3045 174]
1252 2985 1287 3033 iu-

167 3075 306 3132 opportuac.
325 3069 377 3119 Sed
388 3069 454 3143 illud
466 3068 625 3119 defundimus
637 3070 670 3118 ad
683 3070 805 3128 Senecam
817 3070 848 3117 de
860 3068 928 3117 brev.
940 3069 1007 3117 vitae
1019 3082 1075 3130 cap.
1090 3072 1129 3118 17.

202 3150 256 3214 [ud
271 3151 330 3214 158]
344 3151 450 3201 Pretium
462 3152 487 3200 irc
500 3152 575 3202 libros
586 3150 720 3213 XXXII]
734 3153 810 3202 Voss.
820 3151 921 3214 pretium
934 3151 958 3199 in
968 3158 1023 3214 post
1035 3149 1109 3199 libras
1120 3134 1187 3200 xil.
1204 3151 1287 3212 Lege:
1446 3156 1449 3161 ’

166 3235 273 3285 Pretium
287 3235 400 3300 imponde
413 3235 488 3286 libras
500 3237 532 3287 X
540 3235 577 3298 ΙΙ,
590 3238 640 3286 hoc
652 3245 698 3298 est,
712 3236 809 3285 denarii
822 3239 880 3285 duo.
1354 3248 1356 3252 '

201 3317 265 3382 [Ib.]
287 3320 429 3370 Proximum
449 3337 618 3369 nsormorosum
634 3322 678 3370 sub
695 3317 792 3369 dimidio
809 3319 885 3368 Attici
902 3318 990 3382 prelio]
1013 3321 1089 3369 Voss.
1107 3334 1225 3367 mormoro
1245 3319 1288 3367 sot
1302 3321 1350 3366 823

166 3403 273 3453 dimidio.
290 3405 373 3467 Lege:
385 3404 524 3454 Pueritnum
538 3421 704 3454 marmorosum
722 3403 820 3453 dimidio
831 3403 910 3452 Attici
921 3405 1005 3467 pretio.
1025 3404 1091 3455 Gud.
1105 3411 1131 3453 et
1142 3404 1211 3453 Men.
1224 3419 1288 3450 mur·

166 3505 233 3538 moro
252 3488 434 3538 subdimids‘unti
451 3490 536 3552 pretio.
562 3491 643 3541 Acad.
665 3504 796 3538 murmures
816 3486 999 3538 subdimt'dt'untt'
1013 3488 1099 3552 pretio.
1127 3488 1170 3538 stc
1186 3495 1212 3536 et
1228 3488 1296 3536 Pin-¹

167 3575 258 3624 tianus.

161 3676 164 3688 ·
201 3653 329 3720 [11111]
348 3657 500 3708 Ρν11111111
518 3657 592 3707 irbros
608 3657 675 3707 buius
691 3657 795 3706 11111111
812 3657 866 3706 bini.
884 3654 1016 3720 Dipoudt‘ie
1032 3671 1087 3703 uero
1104 3654 1228 3718 detractio]
1251 3649 1286 3704 Τὸ

166 3739 233 3788 iuius
250 3756 302 3790 non
319 3744 400 3793 estin
411 3744 547 3792 Vossiano.
566 3742 701 3792 Caeterum
718 3744 787 3805 quod
803 3742 918 3790 lucidum
928 3747 1029 3800 vocant,
1046 3740 1100 3789 eins
1112 3742 1222 3804 pretium
1234 3755 1288 3790 esse

166 3825 221 3874 vult
238 3826 264 3874 in
282 3827 359 3877 libras
376 3828 519 3877 sestertium
536 3842 615 3875 unum
632 3834 657 3877 et
677 3827 847 3876 dimidiatum:
868 3833 968 3876 tantum
985 3825 1053 3874 enim
1068 3831 1147 3874 restat
1167 3825 1289 3888 dipondio

166 3908 233 3958 binis
244 3913 364 3961 sestertiis
376 3915 497 3962 detrecto.
515 3912 652 3974 Perperam
661 3910 851 3974 Dalecampius‚
864 3910 917 3960 iere
929 3909 1044 3960 sestertio
1056 3923 1116 3970 uno,
1128 3924 1187 3958 nam
1198 3917 1288 3959 sester-

165 3991 225 4054 tius,
242 3993 333 4057 inquit,
351 3996 418 4045 valet
435 4008 505 4045 11111
521 3994 585 4043 duos
601 3995 654 4044 sive
671 3995 759 4058 pondo
776 4002 801 4044 et
817 3995 956 4044 semissem.
979 3993 1118 4043 Immemor
1135 3994 1221 4055 saculi,
1237 4010 1288 4058 quo

165 4076 267 4126 vivebat
278 4079 383 4129 Plinius.
410 4080 545 4130 sestertius
561 4093 619 4128 cum
635 4081 746 4143 primum
758 4081 897 4140 cuderetur,
916 4086 1015 4127 tautum
1031 4077 1119 4140 valuit,
1135 4080 1211 4129 Plinii
1224 4094 1288 4130 aevo

167 4169 277 4223 quatuor
288 4163 385 4214 essibus
397 4163 592 4214 semuncialibus
605 4164 759 4214 mutabatur.

1067 4245 1084 4278 Ι
