2918 4794
224 302 284 365 102
714 320 857 362 cuonem

218 474 336 534 secaretur.
359 471 490 533 Significat
506 471 559 520 eius
575 471 678 522 artificis
694 472 891 532 caccabulum,
908 472 935 521 in
951 486 1002 533 qua
1017 472 1120 534 quidum
1137 479 1166 520 ut
1182 472 1260 522 baiuli
1276 476 1345 524 colla

221 557 352 619 speciebus
369 554 503 604 mulierum
521 556 619 605 onerati
639 557 760 605 incedunt
776 557 923 618 moverique
944 555 1062 605 videntur
1082 556 1232 606 vacillantes
1249 568 1274 607 61
1291 572 1344 607 me-

222 646 320 689 tuentes
338 640 408 688 oneri
423 654 469 702 per
479 654 608 689 accessum
620 640 759 703 palustrem
771 641 891 703 praetorii
903 640 1008 689 alicuius
1020 648 1064 689 ant
1076 641 1163 689 lautae
1174 641 1258 690 vilice.
1281 641 1344 692 Sue·

221 725 305 774 tonius
318 723 421 773 Othone
434 720 485 784 [6]
504 721 577 772 donec
593 724 681 772 omissa
696 740 764 773 mora
779 723 920 774 succollatus
936 731 959 772 et
973 739 990 771 a
1004 732 1127 787 praesente
1143 725 1254 774 comitatu
1271 725 1343 789 impe·

221 815 288 857 rator
299 805 468 858 consalutatus.

255 895 319 946 Car.
332 896 380 944 XI.
394 893 447 957 [89,
463 893 522 956 122]
545 893 677 958 Aliquanto
693 895 829 944 uetustiores
840 894 987 944 encausticae
996 894 1106 958 picturae
1117 895 1238 958 exstitere]
1261 899 1343 949 Acad.

223 980 293 1030 Men.
307 979 375 1030 Gud.
387 979 499 1030 encausti.
517 981 592 1031 Voss.
606 987 741 1029 encaustae.

256 1063 309 1126 [40‚
326 1062 384 1125 12³]
408 1062 521 1113 Pinxisse
538 1072 628 1112 tantum
644 1064 789 1125 encaustica,
806 1061 947 1125 sedetiam]
971 1064 1054 1113 Acad.
1071 1065 1140 1113 Men.
1154 1064 1221 1114 Gna.
1237 1066 1348 1129 pinciaco

221 1147 293 1198 solam
316 1156 432 1196 encausto.
462 1150 539 1199 Voss.
558 1149 665 1212 pineissc
685 1147 759 1198 solum
780 1149 805 1197 in
825 1156 922 1208 causta,
950 1149 1022 1211 quasi
1043 1149 1104 1199 velit
1123 1159 1243 1200 encausta.
1275 1151 1344 1201 Infra

223 1230 276 1294 [41,
291 1231 363 1294 149]
381 1231 504 1281 Encausto
512 1232 629 1297 pinpcndi
640 1232 770 1296 duofuisso
782 1233 912 1296 antiquitus
922 1248 1012 1295 penero
1023 1240 1122 1281 constat.

256 1315 343 1381 [Ibid.]
361 1317 477 1367 Docuisse
488 1317 607 1366 Pausiam
620 1316 768 1383 Sicyonium]
787 1319 863 1368 Voss.
877 1317 944 1368 (iud.
957 1319 1027 1367 Men.
1040 1318 1122 1368 Acad.
1135 1317 1252 1368 Pausian.
1314 1325 1318 1330 '

255 1400 309 1463 [tu
324 1400 383 1464 126]
402 1401 469 1451 Unde
481 1410 504 1450 et
514 1400 607 1452 abunde
619 1401 760 1466 intellipitur
771 1400 915 1465 amplitudo]
934 1403 1010 1453 Voss.
1024 1403 1136 1467 expungi
1149 1404 1219 1454 iubet
1230 1401 1261 1452 τὸ
1274 1404 1344 1465 unde,

120 1524 121 1528 ,
221 1486 416 1535 uietPintiani.

256 1565 309 1629 [40,
324 1567 384 1630 131]
402 1568 495 1621 Nemea
506 1567 607 1618 aduecta
618 1585 647 1618 eu
659 1570 722 1620 Asia
734 1570 836 1620 Romam
849 1588 866 1619 a
877 1569 991 1635 Syllano]
1005 1571 1100 1622 Omnes
1113 1569 1205 1622 Silano.
1218 1573 1265 1622 Est
1277 1574 1343 1622 euim

221 1653 314 1714 aliquis
326 1653 457 1703 Iuniarum
470 1653 625 1732 Silanorum
886 1664 887 1669 ’

256 1734 345 1799 [Ibid.]
369 1737 470 1787 Dicauit
485 1737 547 1786 lunc
564 1737 668 1789 tabalom
687 1748 710 1787 ct
725 1737 824 1802 Diana]
848 1741 925 1790 Voss.
938 1747 960 1788 et
971 1741 1068 1790 Danae.
1095 1741 1225 1792 Aliudunt
1242 1748 1299 1802 tres,
1317 1743 1345 1791 in

220 1823 311 1884 quibus
323 1820 384 1871 ltanc
397 1821 501 1871 tabulam
512 1823 603 1872 Dione.
1306 1816 1309 1819 ’

257 1904 309 1967 [40,
325 1905 383 1968 131]
406 1905 507 1955 Athenis
514 1907 687 1970 frequentiam,
704 1925 776 1971 quam
788 1924 899 1958 recanere
909 1907 1098 1974 polppynaeoon]
1123 1910 1278 1959 Hermolaus
1293 1907 1344 1973 Gy·

221 1989 360 2040 naeccnitin.
382 1992 458 2060 Voss.
477 1992 542 2042 Gud.
559 1995 629 2042 Men.
645 1995 727 2043 Acad.
745 1991 882 2057 linpenicon.
909 1996 999 2044 Forte:
1017 1992 1175 2057 Synyenicom
1198 2001 1226 2042 nt
1243 2007 1298 2056 cap.
1314 1998 1345 2041 lu

222 2072 280 2135 [36‚
299 2073 356 2136 76]:
378 2075 505 2139 Pamptttt
522 2077 631 2141 coynatio
651 2085 674 2125 ct
690 2077 810 2141 praelium
831 2076 866 2126 ad
880 2077 1023 2130 Piliuntm.
1050 2079 1109 2128 Hoc
1129 2079 1185 2144 ipso
1206 2092 1261 2141 cap.
1279 2079 1346 2127 inter

221 2159 385 2210 Timomachi
402 2176 479 2224 opere
498 2159 637 2224 [40‚1au]:
657 2161 789 2227 Lecptltion
805 2161 924 2227 opilitatis
939 2162 1087 2223 exercitator,
1104 2161 1211 2226 copnatio
1224 2160 1344 2211 nobilium.

221 2247 256 2295 Et
268 2245 373 2295 inferius
389 2243 442 2307 [tm
457 2244 528 2308 141]
547 2245 654 2296 Asellum
672 2247 733 2296 enim
751 2247 862 2296 bibentem
879 2248 905 2296 in
923 2246 1000 2296 littore
1008 2247 1090 2312 pinxit
1102 2254 1124 2296 et
1135 2244 1274 2295 crocodilum
1286 2246 1345 2294 inei·
1412 2265 1416 2272 ·

222 2328 325 2379 dientem
342 2329 372 2382 ci.
396 2330 483 2380 Oenius
498 2330 654 2396 Spnpcnicon.
681 2333 725 2397 Sjc
747 2339 774 2382 ct
788 2334 931 2382 Pincianus.
959 2331 1009 2392 Qui
1032 2341 1118 2382 tamen
1140 2333 1278 2383 admodum
1298 2332 1345 2380 im-

222 2430 343 2479 prospere
360 2417 410 2465 hoc
427 2418 605 2466 accommodat
625 2419 658 2466 ad
677 2417 764 2467 locum
784 2418 827 2466 lib.
845 2418 973 2480 sequentis
994 2432 1049 2481 cap.
1067 2422 1081 2465 6
1101 2414 1136 2478 [4,
1154 2414 1199 2477 ti]
1217 2424 1242 2466 et
1258 2414 1351 2466 XIIII

228 2498 342 2561 nationes,
359 2516 420 2563 quoe
431 2507 487 2548 sunt
497 2500 561 2550 circa
572 2501 690 2564 Pompeii,
702 2503 784 2551 reddit
796 2502 953 2566 coprationes·
972 2503 1109 2554 Suetonius
1120 2501 1222 2550 Nerone
1234 2516 1289 2564 cap.
1300 2507 1346 2551 to:

223 2600 239 2631 a
251 2583 386 2633 simulacris
396 2584 500 2648 pontium
513 2583 548 2633 ad
557 2585 667 2648 Pompeii
679 2585 795 2634 theatrum
808 2585 979 2636 dedicatarum.

257 2667 345 2732 [Ibid.]
363 2667 400 2717 Et
415 2669 441 2717 in
458 2685 506 2717 utra
529 2668 610 2718 tabula
630 2687 723 2732 quaque
744 2671 845 2718 manime
860 2667 983 2732 inclaruit]
1006 2671 1088 2719 acad.
1106 2671 1177 2719 Men.
1195 2670 1261 2720 Gud.
1279 2678 1300 2718 et
1320 2670 1347 2718 in

223 2769 271 2801 una
288 2752 370 2801 tabula
384 2753 454 2817 sipna
470 2768 571 2815 quaque.
597 2755 638 2802 Ex
655 2769 706 2816 qua
721 2756 846 2818 scriptura
867 2756 944 2805 etiam
964 2757 1066 2805 inventa
1082 2755 1128 2804 sibi
1146 2757 1172 2803 in
1189 2758 1251 2805 Mss.
1267 2754 1346 2804 Dele-

207 2837 338 2900 .campius
354 2836 456 2900 siqnina.
483 2836 638 2887 Vossianus:
655 2836 693 2886 Et
712 2837 736 2886 in
753 2854 802 2886 una
820 2838 903 2888 tabula
919 2847 945 2888 ut
959 2839 1040 2903 siqua
1065 2839 1145 2902 Lege:
1169 2837 1210 2889 VI
1221 2839 1291 2903 sipna
1306 2839 1347 2888 vel

223 2936 266 2968 sea
276 2937 354 2985 apua.

259 3003 312 3068 [40‚
327 3004 387 3068 136]
405 3005 505 3056 Aiacem
518 3006 540 3055 ei
548 3007 629 3072 pinsit
640 3016 663 3056 et
673 3007 798 3072 Medeam]
822 3011 899 3060 Voss.
912 3017 1003 3058 atacem
1015 3017 1038 3057 et
1049 3008 1127 3058 media
1136 3008 1222 3072 pinxit.
1245 3007 1347 3059 Scribe:

226 3090 325 3140 Aiacem
337 3099 360 3139 et
370 3089 483 3142 Medeam
492 3091 580 3155 pinxit.
600 3092 790 3157 Supervacuum
802 3090 832 3142 τὸ
847 3093 877 3143 ci.

235 3198 238 3204 Α
259 3173 313 3238 [40‚
328 3174 387 3238 131]
406 3175 478 3224 Alius
490 3175 564 3225 durus
576 3176 599 3225 in
612 3176 736 3239 coloribus,
746 3177 792 3226 'sed
803 3186 826 3226 et
837 3176 933 3239 multus]
952 3179 1104 3239 Vossianus,
1117 3177 1183 3228 Gud.
1196 3179 1265 3227 Men.
1278 3178 1347 3227 Aea·

225 3261 398 3324 demicusque:
411 3259 491 3309 *durus
502 3260 527 3309 in
539 3259 653 3310 coloribus
665 3269 688 3308 et
698 3260 740 3309 sile
752 3257 845 3311 multus.
865 3263 940 3323 Quod
957 3264 1034 3311 etiam
1050 3277 1083 3311 ex
1095 3262 1150 3312 aliis
1162 3264 1194 3311 ad
1207 3262 1348 3322 marginem

224 3351 330 3410 ponunt.
347 3347 437 3410 Neque
449 3346 522 3396 aliter
533 3347 680 3408 legendum.
698 3347 823 3410 Intelligit
833 3346 865 3395 sil
876 3361 890 3395 e
903 3348 1045 3411 pigmentis.
1058 3348 1101 3397 lib.
1113 3354 1154 3407 33,
1166 3353 1196 3396 13
1208 3344 1261 3408 [66,
1273 3343 1347 3406 158]

225 3427 256 3477 In
267 3431 363 3494 arpenti
372 3438 394 3478 ct
406 3429 462 3477 auri
472 3428 573 3478 metallis
584 3439 712 3480 nascuntur
724 3432 849 3480 etiamnum
858 3431 989 3496 piamenta,
1002 3429 1035 3479 sil
1046 3440 1068 3478 et
1079 3429 1219 3480 caeruleum.
1230 3430 1274 3479 lib.
1283 3436 1348 3490 35,6

226 3512 280 3576 [11,
293 3512 350 3576 36]
368 3513 419 3562 silis
436 3512 509 3563 lucidi
524 3513 591 3564 libru's
606 3514 691 3566 decem.
714 3514 766 3566 Sile
782 3514 874 3578 multus,
891 3517 934 3580 qui
947 3531 977 3566 eo
990 3518 1120 3580 pigmento
1133 3516 1216 3565 multo
1229 3522 1348 3565 uteretur.

226 3599 299 3649 Vidit
310 3600 379 3647 idem
390 3599 531 3650 Pintianus.

265 3680 353 3745 [Ibid.]
382 3682 506 3746 Totaque
519 3692 573 3733 sunt
593 3685 643 3733 eius
659 3685 768 3749 picturae
789 3701 840 3734 cum
861 3684 1017 3749 Aesculapio]
1046 3687 1181 3735 Anneiant
1202 3685 1234 3732 ad
1255 3682 1349 3744 murgi·

226 3783 284 3817 uem
301 3766 380 3821 Tales.
403 3767 446 3818 Sic
462 3769 563 3831 quidem
579 3777 605 3818 et
620 3771 696 3820 Voss.
714 3761 780 3821 (iud.
796 3773 865 3821 Men.
879 3771 1109 3833 Academicusque:
1128 3771 1173 3819 sed
1189 3776 1215 3818 61
1231 3767 1349 3818 omnibus

226 3853 299 3902 abest
313 3867 367 3902 vox
380 3852 498 3915 picturae.
523 3853 630 3904 Suffecit
646 3855 712 3904 enim
728 3855 822 3905 Plinio:
845 3854 916 3904 Tales
926 3862 981 3903 sunt
992 3855 1041 3903 eius
1053 3869 1103 3903 cum
1115 3851 1259 3916 Aesculapio
1268 3850 1349 3913 filiae,
1449 3900 1451 3903 ,

227 3937 320 4002 Hypia,
332 3935 416 4000 Aepla
428 3936 552 4000 Pouocea,
563 3936 629 3987 Iaso.
652 3937 760 3988 Tabulae
771 3941 812 3988 vel
822 3939 930 4003 picturae
941 3940 1100 3988 intellectum
1112 3937 1202 3986 voluit.
1224 3935 1350 3999 Lepidum

228 4028 374 4082 astantem,
392 4023 460 4084 quod
475 4022 658 4086 Dalecampins
673 4026 704 4073 ad
720 4037 811 4072 vocem
828 4021 885 4072 Iaso
901 4031 982 4084 notet,
1001 4024 1095 4072 Iasona
1112 4036 1172 4070 cum
1184 4020 1350 4083 Aesculapio,

166 4109 215 4155 836
228 4103 357 4165 apollinis
373 4106 437 4167 filio,
459 4114 485 4156 et
501 4107 604 4156 Achille
622 4107 711 4156 Peleia
732 4107 843 4158 Chirone
865 4117 984 4159 centauro
1003 4111 1137 4157 educatum
1156 4114 1182 4156 61
1198 4104 1351 4156 medicinam

228 4189 345 4239 didicisse
362 4205 395 4239 ex
407 4191 482 4240 Arcti
498 4200 524 4241 et
535 4191 667 4255 Apollonii
680 4190 831 4242 Scholiastis
844 4194 926 4244 tradit.
945 4193 1080 4255 Tanquam
1097 4192 1184 4242 eudem
1198 4192 1230 4242 sit
1241 4183 1352 4254 persona

229 4270 245 4321 o
255 4260 363 4337 Ἰάσων,
375 4264 507 4338 Ἰάσονος,
521 4283 547 4326 61
557 4274 575 4341 ἡ
586 4265 678 4337 Ἰαοώ,
689 4265 806 4333 Ἰασοῦς.
