2918 4794
172 283 214 346 ot
663 304 806 349 onouovu

171 461 310 503 sumerem.
327 454 372 503 lib.
384 461 414 505 12
428 452 485 516 [tt]
498 456 594 505 annulz
611 455 767 520 Transfertur
778 455 881 518 repimcn
893 454 1020 504 cohortium
1032 455 1067 505 ad
1077 455 1202 506 Burrhum
1215 457 1294 521 Afra·

171 538 243 600 nium,
261 537 369 602 eprepiae
385 537 499 588 militaris
508 540 604 602 famae,
621 556 724 604 pnnrum
741 547 825 599 tamen,
842 540 908 588 cuine
924 547 1005 603 sponte
1019 540 1196 605 praeficeretur.
1214 543 1294 594 (lalu-

171 622 248 672 mella
264 621 308 671 lib.
322 628 345 683 9,
358 628 373 669 t
388 619 424 684 [t‚
437 629 461 672 2.
473 639 498 687 p.
511 630 569 675 400.
583 621 727 685 Schneid.]:
742 623 778 672 Et
795 632 896 688 unaque
912 623 1012 689 cytisus,
1031 632 1066 673 cst
1081 623 1141 674 enim
1158 626 1251 683 sadra,
1272 635 1296 675 ct

171 704 250 754 altera
265 721 324 754 suae
338 705 436 770 manae.
458 708 557 758 Plinius
569 708 613 758 lib.
628 714 667 758 10.
680 724 736 772 cup.
750 713 781 756 tt
796 707 848 770 [7⁵2
864 707 936 770 lst]:
957 706 1081 766 Quaedam
1099 717 1176 757 autem
1193 718 1216 758 et
1232 710 1295 760 citro

170 790 296 840 incubitum
312 799 393 854 sponte
408 799 510 841 naturum
524 792 637 857 pipnunt,
660 801 686 841 ut
700 793 724 841 in
741 792 848 858 Aepypti
860 793 960 856 fimetis.
987 793 1156 846 subiecerunt
1175 796 1294 847 nonnulli

170 883 252 938 sponte
266 882 347 923 natum
362 874 447 939 pionte,
464 878 534 939 quod
551 878 629 940 longe
645 877 713 926 infre
729 877 799 927 illum
815 886 854 928 est
871 877 1032 940 elegantiam.
1051 878 1185 929 Caeterum
1198 881 1241 930 hic
1252 894 1295 930 ms

170 974 255 1009 rursus
267 959 380 1009 destituit
391 960 534 1024 Andegnv.,
546 962 587 1010 cui
600 963 690 1011 desunt
701 963 787 1011 omniu
798 963 829 1010 nb
841 963 894 1011 istis
906 962 988 1012 verbis
1001 975 1058 1026 sup.
1072 964 1085 1013 7
1100 960 1152 1024 [21,
1164 960 1220 1024 7³]=
1231 961 1296 1011 sutit

170 1042 229 1092 odor
243 1042 343 1107 pravior
357 1043 391 1092 eit
401 1051 427 1092 ut
439 1042 480 1107 ple
495 1047 621 1108 usquead
634 1061 688 1109 cop.
703 1052 732 1095 11
748 1042 800 1107 [tu
816 1043 888 1107 182]1
905 1053 1049 1094 contactum
1067 1055 1093 1107 ut
1108 1046 1229 1110 confestim
1245 1045 1294 1096 ool-

171 1126 267 1176 luantur
279 1128 340 1176 vino.
358 1129 394 1178 sic
405 1130 473 1178 enim
483 1131 619 1193 utrobique
630 1130 700 1193 legit.

205 1209 258 1274 [²32
272 1210 316 1274 86]
336 1210 367 1262 Si
378 1211 525 1275 temserunt
535 1213 628 1262 morbos
639 1211 674 1261 ad
684 1209 865 1272 innocentiores]
885 1210 950 1272 Quis
962 1213 1013 1261 hoc
1025 1215 1149 1276 decernet,
1166 1216 1199 1264 ab
1211 1217 1294 1278 magn

170 1312 203 1347 eu
215 1298 298 1346 minus
310 1297 403 1346 noxios
415 1296 614 1347 transferuutur?
625 1298 785 1360 Praepositio
797 1295 832 1345 ad
842 1311 896 1346 non
906 1297 934 1347 in
945 1298 1078 1358 Aeonem„
1090 1312 1144 1347 uon
1153 1297 1229 1359 Gud„
1241 1314 1294 1348 non

170 1381 248 1440 Men,
260 1396 314 1429 non
321 1380 399 1430 Voss.
411 1382 549 1443 conspicuo
561 1391 606 1430 est.
618 1381 697 1430 Haud
708 1382 790 1440 dubis,
804 1387 832 1429 ut
844 1382 926 1430 decet:
939 1381 1101 1431 scribendum
1113 1383 1189 1443 enim,
1202 1390 1295 1444 quanta

170 1464 282 1524 vanitate,
298 1465 321 1512 si
328 1462 424 1527 salsum
441 1470 492 1514 ests
507 1472 625 1527 quantave
641 1464 726 1524 nossa,
743 1464 766 1512 si
782 1465 928 1527 transferunt
945 1465 1054 1514 morbos?
1074 1464 1248 1515 Innocentiores
1264 1482 1295 1516 eu
1357 1455 1361 1461 ‚

170 1547 208 1596 his
224 1547 324 1596 omnium
342 1546 468 1611 dipitorum
485 1549 619 1612 rescpmina
634 1548 746 1612 unpuium
763 1546 799 1596 ad
813 1564 929 1596 cavernas
942 1549 1099 1614 formicarum
1120 1549 1193 1600 obiici
1207 1550 1294 1600 iubent.

170 1634 221 1685 Ubi
232 1639 318 1682 temen
330 1632 406 1682 Voss.
418 1631 480 1693 ibici,
499 1639 524 1681 et
541 1648 619 1696 supro
634 1634 741 1696 primum
754 1632 854 1682 literam
870 1632 898 1694 0,
916 1635 988 1698 qussi
1000 1635 1060 1684 velit
1072 1633 1149 1684 obiici.
1170 1637 1206 1685 Et
1218 1643 1257 1686 est
1267 1636 1296 1686 lu

170 1732 201 1767 so
219 1718 304 1766 nescio
322 1717 383 1779 quid
398 1716 471 1766 selis:
488 1731 548 1766 num
566 1717 637 1765 obiici
653 1715 688 1765 od
703 1732 819 1765 cavernas
835 1718 934 1767 ridetur
945 1718 1051 1779 dictum,
1067 1726 1096 1767 ut
1113 1721 1181 1783 apud
1192 1720 1295 1769 Lirlum

170 1799 273 1863 oppositi
285 1797 321 1848 ad
334 1798 411 1848 exitus
426 1798 576 1850 claudendos.
607 1800 695 1851 Cicero
712 1802 756 1851 lib.
775 1807 798 1852 b.
814 1801 876 1851 ism.
894 1805 920 1850 t:
938 1801 973 1850 ad
988 1817 1066 1851 omnes
1081 1817 1151 1850 casus
1165 1802 1295 1852 subitorum

165 1882 323 1947 periculorum
341 1884 417 1948 mapis
432 1884 516 1933 obiecti
531 1900 617 1934 sumus.
646 1887 717 1935 Idem
735 1885 762 1934 iu
778 1887 900 1936 Pisonem
917 1884 971 1947 [30.
989 1883 1069 1946 init.]=
1090 1885 1133 1948 qui
1153 1901 1198 1935 non
1214 1894 1295 1936 notam
1399 1944 1406 1954 .

169 1984 275 2032 opponas
290 1967 325 2016 ad
340 1967 427 2017 mulum
444 1985 549 2029 omnum,
571 1968 614 2017 sed
626 1977 721 2032 poetam
739 1969 814 2018 armis
825 1984 978 2034 persequere.
1007 1968 1180 2019 Innocentiores
1200 1985 1230 2017 es
1250 1968 1295 2030 ht's,

169 2060 231 2116 pute
242 2052 326 2116 napis.
344 2054 379 2102 Et
391 2054 442 2101 hoc
454 2052 506 2102 iere
517 2054 659 2102 Pintiauus.

203 2137 269 2187 Cur.
285 2136 361 2186 VIII.
381 2134 437 2198 [29‚
457 2133 517 2198 117]
541 2134 573 2186 Si
587 2152 617 2183 en
633 2136 697 2185 corio
712 2135 896 2184 chamaeleontis
914 2135 1000 2184 herbae
1019 2152 1101 2184 succum
1117 2135 1225 2199 bibatur]
1251 2139 1295 2189 nx

170 2219 272 2270 chiflet.
289 2219 392 2269 effertur
408 2217 579 2268 chamaeleonis
594 2236 676 2268 succus
692 2219 786 2269 herbae.
810 2221 860 2270 Sed
876 2227 1008 2283 praeterea
1021 2220 1106 2270 Voss:
1124 2219 1296 2270 chamaeleonis

169 2319 252 2352 succus
266 2302 352 2352 herbae
369 2302 464 2352 debente
480 2304 581 2353 bibatur.
607 2304 730 2354 Acudem.
748 2303 818 2351 herbe
834 2302 934 2357 habente
945 2304 1046 2354 bibatur.
1069 2307 1171 2367 Monnp.
1188 2314 1214 2352 et
1226 2303 1294 2354 (tud.

169 2386 271 2437 hebente.
287 2387 418 2451 Numquid
430 2387 515 2437 herbne
524 2386 638 2452 pentilus?
650 2390 666 2437 i.
679 2404 701 2437 e.
715 2388 880 2450 cognominis.

204 2469 293 2534 [Ibin]
311 2470 428 2520 Intestina
440 2479 463 2520 ct
472 2471 558 2532 fimum
570 2470 659 2534 eorum]
680 2472 730 2532 Qui
743 2472 843 2522 chiflct.
857 2473 974 2532 contulit,
990 2473 1090 2522 noterit
1101 2484 1134 2521 ex
1146 2486 1177 2520 oo
1188 2469 1293 2536 salsum,

169 2564 195 2605 et
206 2557 307 2606 coniicit
315 2559 421 2620 sartum.
440 2556 517 2618 Quod
530 2557 574 2606 ille
586 2557 696 2616 coniicit,
712 2556 835 2620 idipsum
848 2563 886 2606 est
897 2557 924 2604 in
935 2557 1012 2606 Voss.
1025 2572 1103 2605 manu
1115 2557 1209 2619 prime:
1227 2553 1293 2603 Inte-

168 2640 232 2688 stina
243 2648 267 2688 ct
274 2640 349 2701 furtu
360 2656 472 2690 meorum:
490 2643 535 2690 sed
545 2642 651 2690 inducto
663 2655 694 2690 eo
706 2639 787 2690 altore
797 2655 888 2690 manus
901 2641 1089 2704 suprascripsit
1102 2647 1205 2702 purtem.
1224 2639 1293 2690 Gud.

169 2733 195 2772 et
212 2726 315 2788 Mennp.
335 2724 448 2772 intertum
464 2732 487 2772 ct
506 2724 579 2772 sartis
599 2738 709 2772 meorum.
734 2725 817 2773 Aesd.
840 2724 934 2773 omisso
951 2725 1028 2772 dubie
1045 2736 1119 2781 uoce:
1140 2723 1252 2772 intestina
1271 2729 1296 2771 et

169 2823 256 2856 eorum.

213 2889 289 2952 [Cur.
300 2891 353 2949 IX,
371 2899 415 2952 38,
439 2891 499 2954 lut]
527 2891 600 2942 Nunc
619 2899 762 2941 revertemur
784 2890 819 2940 ad
837 2898 941 2940 nostrmn
963 2891 1053 2954 orbem]
1081 2892 1157 2942 Voss.
1180 2888 1294 2954 marcer-

170 2991 226 3036 pm.
243 2975 320 3038 Lege,
329 2985 514 3039 praevertemur.
531 2978 547 3025 i.
562 2992 583 3026 e.
599 2977 682 3040 potius
696 2992 744 3026 nos
758 2983 892 3025 vertemus.
912 2976 954 3026 Sic
968 2990 1023 3038 cup.
1036 2981 1063 3025 11
1076 2973 1185 3038 [potinsz
1202 2979 1242 3032 10,
1252 2979 1293 3034 ts,

170 3057 230 3120 162]
247 3061 322 3110 huius
338 3060 406 3110 libri:
422 3060 488 3110 Hinc
504 3059 588 3110 deindo
606 3069 785 3123 praevertemur
800 3059 835 3107 ad
852 3074 942 3124 ponera
958 3061 1097 3108 morborum.
1124 3060 1159 3108 Et
1175 3072 1230 3120 cup.
1246 3057 1294 3106 ult.
1356 3104 1360 3111 ,

169 3141 271 3206 [extr.]:
287 3144 353 3194 Hinc
365 3143 449 3194 deinde
457 3152 636 3208 praevertemur
647 3143 682 3193 ad
692 3143 810 3192 animalia
820 3141 859 3191 sui
868 3143 968 3206 pencris.
985 3143 1011 3191 id
1024 3151 1070 3202 est,
1088 3142 1197 3206 primum
1212 3149 1295 3190 verte·

167 3245 231 3279 mut.
248 3230 292 3279 lib.
309 3235 351 3289 80,
371 3234 401 3280 10
420 3208 477 3292 ]04,
495 3227 553 3291 82]:
565 3228 637 3279 Nune
651 3235 829 3291 praevertemur
845 3225 880 3273 ad
894 3241 931 3286 ea,
950 3241 1011 3288 quae
1028 3225 1082 3275 totis
1093 3225 1231 3288 corporibus
1246 3239 1295 3272 me·

168 3310 255 3361 tuenda
265 3319 326 3362 sunt.
344 3314 415 3363 Haec
427 3322 466 3362 tot
477 3313 541 3362 loeis
554 3314 714 3363 consentiens
726 3311 1002 3375 praestantissimorum
1015 3310 1219 3359 membranorum
1232 3309 1295 3358 scri·

168 3406 244 3461 pturs
261 3404 308 3447 est.

202 3479 257 3542 [tn
271 3476 332 3541 lto]
351 3480 403 3528 Aut
417 3481 440 3530 ti
454 3481 479 3530 in
495 3480 559 3529 cuitu
575 3479 624 3528 cibi
639 3479 743 3528 rosiones
753 3477 877 3540 mutirent]
896 3479 973 3528 Voss.
985 3485 1029 3525 aut
1039 3477 1063 3526 si
1072 3475 1148 3525 cvivs
1159 3474 1207 3523 eibi
1219 3473 1294 3522 rosto·

167 3579 208 3611 ner
218 3563 340 3613 sentirent.
357 3565 523 3628 Exquisitius.
542 3565 617 3625 Mox,
629 3563 652 3611 ci
663 3562 707 3611 hoo
719 3578 765 3610 non
777 3578 826 3610 esse
838 3577 850 3610 e
861 3562 967 3625 caprino.
985 3562 1063 3624 Lege,
1080 3561 1103 3608 si
1113 3559 1156 3608 hoc
1167 3574 1213 3606 non
1225 3562 1293 3617 meet,

167 3665 269 3712 coprem.

101 3713 104 3722 Ι
201 3729 259 3794 [37,
279 3731 338 3795 141]
361 3732 489 3782 Peculiarc
511 3730 663 3794 emplastrum
679 3730 831 3782 LXXXV.
845 3727 937 3794 pondo]
965 3727 1022 3780 MS.
1038 3728 1111 3777 Facit
1130 3736 1154 3776 et
1170 3723 1293 3790 peculiare

166 3817 317 3880 emplastrum
328 3822 414 3866 tm.
437 3817 471 3867 X
481 3814 584 3879 ponderi
598 3823 689 3864 centum
704 3831 802 3880 spumae
818 3822 945 3879 arpenteae
960 3813 1047 3862 mistui.
1074 3814 1101 3862 id
1117 3820 1168 3872 est,
1190 3817 1292 3873 septua-

166 3902 237 3963 gintu
248 3903 360 3965 quinque
372 3901 503 3950 donanim
515 3902 621 3964 ponderi
634 3908 736 3950 centum
748 3900 866 3949 denariis.

200 3985 264 4034 Cer.
276 3987 310 4036 X.
325 3983 378 4047 [⁴²2
392 3981 452 4046 150]
477 3983 602 4034 Verritum
620 3983 684 4032 iecur
700 3982 814 4046 exemptis
830 3980 950 4030 duntaxat
962 3979 1037 4041 fibris
1052 3984 1156 4041 quatuor
1171 3975 1291 4025 obolorum

164 4066 279 4132 pondere]
298 4071 374 4119 Voss.
387 4068 506 4117 verrinum
518 4068 583 4117 meus
598 4075 621 4115 et
629 4066 700 4130 fellis
717 4066 844 4115 dumtaxat
852 4067 923 4129 fibra
934 4062 1076 4126 (consentit
1092 4064 1216 4112 hactenus
1227 4059 1290 4110 chi-

166 4149 231 4213 flet.)
248 4153 281 4202 X
290 4160 339 4202 1111.
354 4152 465 4216 pondere.
492 4153 543 4202 hoc
560 4159 610 4213 est,
634 4153 793 4201 denariorum
813 4159 929 4214 quotuor.
959 4148 1026 4199 (lud.
1042 4155 1068 4196 et
1084 4147 1188 4209 Meunp.
1208 4142 1291 4194 Verri·
