2918 4794
559 321 664 364 sorau
679 321 723 363 nn
737 321 820 361 mam
836 320 893 361 xx.
1048 347 1053 360 ,
1244 296 1283 358 19

199 477 265 529 (las.
277 477 337 527 XX.
351 473 404 538 [81,
417 471 479 536 all]
496 470 591 521 ffldem
603 471 625 520 si
632 467 768 534 procident,
779 467 875 534 prodest
882 465 967 532 soliis]
986 468 1063 519 Voss.
1075 470 1175 519 unicus:
1191 468 1215 518 si
1227 484 1284 533 pro-

165 560 250 612 cedant
262 561 323 611 oculi
328 599 334 624 ‚
347 558 416 627 foliis
433 557 494 607 tritis
505 573 556 605 cum
568 555 692 604 corticibus
695 556 782 617 sabae.
798 556 853 604 sine
866 551 905 618 τῷ
912 551 1016 618 prodest.
1034 554 1188 616 Intelligitnr
1199 569 1232 605 ex
1243 571 1285 605 sn·

165 647 318 711 parionibus,
336 643 471 709 imponitur.
489 642 541 694 Sed
550 639 681 704 procidant
691 639 807 704 praefero
819 639 852 688 ab
864 637 947 686 malvas
954 637 1114 702 procidentes,
1128 647 1153 687 et
1161 635 1285 702 prociden-

167 732 224 780 tiam
237 728 293 790 alui,
306 738 331 780 et
342 727 419 778 sedem
429 724 579 792 prociduam:
593 740 657 788 quae
669 724 730 773 alibi
741 725 809 787 apud
820 731 935 794 nostram
947 723 1065 787 reperies.

201 813 254 877 [83,
269 813 330 875 219]
349 810 461 875 Atriplac
476 817 500 858 et
513 808 619 858 siluestre
637 815 671 856 est
682 815 816 856 accusatum
827 824 845 856 a
857 805 1010 871 Pythaqora]
1029 808 1078 856 Ma.
1091 808 1168 859 Voss.
1180 806 1287 856 dluestre

167 907 189 947 ct
199 906 335 948 accusatum
347 897 357 945 i
368 893 518 960 Pqthaqora.
538 894 620 956 Super
631 888 662 940 τὸ
675 898 810 955 accusatum
823 906 913 940 manus
926 891 999 940 etiam
1012 893 1117 954 antiqua
1132 894 1218 956 posuit
1228 892 1288 941 saar

167 999 227 1033 vum.
246 983 321 1032 Unde
336 980 455 1031 nonnulli
473 979 582 1039 codices,
598 975 706 1025 silvestre
722 983 757 1024 est
767 982 790 1024 et
800 974 902 1023 sativum
914 983 1056 1036 accusatam,
1074 976 1288 1039 quemadmodum

167 1076 193 1118 et
204 1074 314 1130 quatuor
326 1067 369 1114 alii
380 1065 444 1114 Mes.
456 1072 482 1113 et
493 1077 527 1112 ex
539 1063 577 1112 Ia.
596 1061 702 1112 Andrea
713 1062 811 1124 priscae
819 1061 953 1110 editiones.
972 1058 1023 1110 Sed
1034 1061 1132 1111 videtur
1142 1061 1240 1111 Plinius
1251 1061 1291 1111 fa·

167 1154 242 1202 cisse:
258 1148 371 1214 Atriplea
383 1155 405 1197 et
416 1146 520 1196 siluestre
532 1152 554 1195 et
566 1145 667 1194 sativum
679 1153 721 1196 est.
740 1144 903 1210 Pythaqoras,
921 1152 1033 1207 tanquam
1042 1145 1140 1208 faceret
1150 1144 1290 1210 hydropicus

167 1238 303 1298 morbosque
314 1234 390 1298 reqios
401 1240 425 1280 et
432 1223 557 1303 pallorem,
569 1237 749 1293 concoqueretur
760 1227 907 1294 difficillime,
919 1244 949 1277 ac
960 1245 988 1277 ae
1000 1230 1025 1277 in
1036 1228 1109 1278 hortis
1120 1228 1212 1293 quidem
1223 1230 1290 1279 iusta

168 1320 196 1370 id
207 1320 275 1369 nasci
285 1319 418 1382 quicquam,
431 1316 479 1365 nisi
489 1313 634 1380 lanquidum,
646 1313 758 1378 culpavit.
817 1316 821 1327 *
914 1362 916 1373 ,
1015 1369 1017 1375 Α

203 1404 257 1468 [83,
270 1402 331 1466 220]
355 1400 493 1453 Tradiderit
503 1399 576 1451 Solon
586 1398 743 1464 Smyrnaeus]
761 1400 837 1450 Voss.
851 1399 876 1448 in
888 1397 965 1448 Italia
982 1400 1050 1448 nasei
1060 1398 1188 1450 tradiderit
1199 1397 1226 1448 id
1233 1396 1291 1450 Solo

169 1491 320 1554 Smyrnaeus.
339 1488 376 1538 Ut
387 1494 412 1536 et
423 1486 538 1550 sequenti
549 1500 605 1549 cap.
619 1493 734 1535 extrema
748 1482 801 1547 [86,
814 1482 888 1546 235]ι
901 1483 997 1533 Adiecit
1008 1482 1065 1535 Solo
1077 1483 1115 1546 (no
1127 1483 1188 1548 quid
1197 1484 1290 1533 omitta-
1306 1477 1353 1524 774

168 1574 229 1636 mus)
247 1571 391 1636 bulapathou
407 1569 498 1619 radicis
515 1576 604 1618 tantum
620 1568 747 1618 altitudine
758 1567 871 1632 differens
883 1576 906 1617 et
917 1584 976 1633 erqo
987 1567 1143 1634 dysentericus
1154 1570 1238 1633 effectu
1248 1586 1291 1633 pc·

169 1667 216 1707 tum
233 1673 263 1706 ca
279 1656 340 1706 uino.
359 1655 401 1706 Sic
413 1664 440 1704 et
452 1654 628 1705 chifletienns.
641 1653 692 1704 Sed
704 1655 749 1704 ille
761 1657 863 1718 insuper
873 1661 939 1718 pata.
957 1653 1047 1718 Itaque
1059 1656 1231 1705 scribendum:
1250 1671 1290 1704 ra·

169 1740 230 1790 dicis
242 1748 332 1789 tantum
344 1737 472 1788 altitudine
484 1737 598 1801 differens
610 1745 632 1786 et
643 1753 702 1802 erqa
713 1736 870 1802 dysenteriem
881 1739 967 1802 effectu
976 1746 1048 1801 potae
1059 1755 1089 1786 ex
1100 1739 1161 1788 uino.
1180 1740 1291 1800 Badicls,

169 1826 258 1888 inquit,
277 1824 409 1873 altitudine
432 1829 458 1871 et
474 1822 587 1872 eiusdem
605 1837 638 1871 ex
653 1823 712 1870 rino
729 1830 806 1885 potae
824 1822 924 1871 effectu.
944 1822 1064 1873 Gelenius
1077 1822 1181 1872 fecerat:
1199 1822 1294 1886 affirm

169 1912 253 1975 effectu
266 1916 325 1973 potu
341 1923 370 1956 aa
386 1907 446 1956 uino.
465 1904 508 1957 Sic
519 1906 563 1956 lib.
576 1911 617 1967 25,
634 1904 716 1967 8[39,
730 1904 774 1967 80]
797 1904 913 1967 eleana,
931 1915 959 1955 ut
976 1915 1002 1956 et
1019 1906 1120 1956 chiflet.
1133 1916 1158 1956 et
1170 1909 1291 1968 Pintiani‚

170 1997 213 2057 qni
223 1996 286 2044 alias
302 1992 433 2045 Themison.
447 1991 580 2042 Gudianus
591 1997 617 2039 et
625 1992 727 2054 Meuap.
740 1990 808 2038 nasci
819 1988 967 2039 tradiderunt
976 1990 1002 2039 id
1010 1989 1059 2039 solo
1069 1999 1091 2038 et
1100 1990 1196 2040 mineus.
1209 1991 1291 2041 Acad.

170 2080 237 2128 nasci
254 2076 404 2127 tradiderunt
419 2074 446 2125 id
460 2073 526 2125 solon
543 2083 565 2124 et
581 2074 678 2125 mineus.
696 2075 830 2138 Andagar.
843 2075 912 2124 nasci
922 2073 1048 2125 tradiderit
1060 2074 1088 2124 id
1098 2075 1171 2136 Solon
1184 2076 1292 2125 miraeus.

169 2166 260 2217 Altero
272 2166 331 2215 loco
345 2171 454 2226 quatuor
466 2162 631 2210 coniurarunt
642 2162 668 2209 in
681 2159 772 2208 adiecto
783 2159 842 2212 sale.

204 2251 269 2301 Gar.
286 2248 361 2299 XXI.
380 2245 438 2309 [84‚
458 2243 519 2308 227]
538 2244 684 2310 Adspersum
699 2243 800 2310 qenitall
815 2244 992 2309 foeminarum]
1012 2247 1064 2295 Pro
1080 2245 1180 2310 qenitali
1198 2247 1295 2296 habent

170 2332 300 2384 curationis
317 2333 428 2394 quinque
446 2345 524 2402 mann
536 2338 656 2380 exaratae
669 2330 839 2380 membranae.
858 2330 1002 2393 Numquid,
1020 2329 1158 2393 crispersum
1175 2330 1294 2379 salutibus

162 2414 343 2482 foeminarum?
360 2415 403 2465 lib.
418 2421 463 2477 10,
481 2415 510 2463 57
525 2411 582 2475 [78,
603 2412 676 2474 157]:
694 2411 819 2462 Medicina
831 2415 944 2478 infame,
963 2423 985 2463 et
1001 2416 1100 2464 cubatus
1112 2415 1136 2462 in
1145 2415 1224 2478 fumo.
1243 2415 1294 2465 Ubi

171 2491 255 2552 mmen
267 2501 357 2549 suhites
368 2500 440 2559 Mea,
454 2498 475 2548 si
486 2498 567 2559 malis,
580 2496 704 2547 cubitibus.
723 2499 753 2548 Iu
766 2501 920 2549 contrarium
932 2499 1048 2550 effectum
1063 2500 1182 2549 davitica
1194 2498 1238 2547 lib.
1251 2503 1292 2558 24,

172 2594 186 2637 9
200 2584 254 2649 [38,
273 2584 328 2648 59]:
340 2569 463 2633 matronae
478 2581 667 2645 Thesmophoria
677 2581 854 2632 Atheniensium
866 2583 998 2632 castitatem
1010 2582 1163 2634 custodientes
1175 2582 1211 2631 his
1220 2581 1293 2646 foliis

171 2671 260 2720 cubitus
270 2670 318 2719 sibi
327 2677 439 2737 sternunt.
457 2667 608 2731 Cogitabam
620 2669 696 2729 ctiam
709 2654 858 2732 aliquande:
871 2667 1036 2718 dirutionibus.
1056 2669 1097 2719 Sic
1109 2669 1182 2728 infra,
1195 2667 1220 2715 in
1231 2665 1293 2715 solia

171 2755 317 2804 balinearum
333 2753 449 2803 additum.
472 2752 559 2803 Prima
575 2753 651 2802 editio
669 2753 708 2802 Io.
726 2755 846 2803 Andreas
863 2756 962 2805 Romae
981 2761 1069 2804 curata
1085 2771 1107 2804 a.
1123 2757 1204 2814 1470,
1222 2753 1292 2802 cuins

171 2856 245 2890 nsum
258 2841 335 2889 etiam
350 2838 413 2888 mihi
425 2837 544 2901 praebuit
554 2832 671 2900 egregins
685 2837 792 2898 Gadium
809 2836 890 2888 cubili:
908 2839 960 2887 alia
972 2840 1118 2888 Parisiensis
1131 2847 1211 2900 vetus,
1228 2838 1292 2887 cubi·

175 2924 228 2974 tali:
241 2939 289 2987 pro
302 2938 353 2985 quo
365 2936 398 2970 ex
409 2921 550 2971 Hermolao
562 2929 732 2983 sumpserunt,
745 2923 844 2984 opinor,
856 2920 964 2986 qenitali.

208 3006 262 3069 [85,
275 3003 336 3067 233]
350 3005 383 3055 In
394 3020 460 3067 aqua
471 3002 565 3052 coelesti
574 3003 671 3066 prodest
681 3005 819 3067 sanquinem
831 3005 998 3066 reiicientibus]
1012 3008 1113 3055 Delcvit
1122 3009 1165 3057 hic
1176 3006 1206 3055 τὸ
1219 3008 1292 3071 prod-

172 3100 206 3140 est
218 3091 351 3150 Gelenius,
369 3089 412 3138 ubi
428 3089 537 3137 retinent
548 3089 629 3137 Acad.
641 3088 744 3151 Menap.
758 3088 824 3139 Gud.
842 3091 1029 3152 transpositum,
1044 3091 1181 3154 sanquinem
1194 3091 1293 3154 prodest

173 3174 339 3235 reiicientibus3
352 3188 403 3223 nan
415 3171 534 3222 Vossiani
547 3175 610 3221 duo:
623 3171 667 3221 sed
680 3185 735 3233 nec,
747 3173 791 3221 ubi
803 3172 906 3235 reliquit
918 3173 1102 3236 sigismundus,
1115 3175 1141 3222 in
1153 3177 1204 3224 fine
1217 3176 1292 3226 huius

172 3261 269 3324 periodi
286 3259 448 3308 membranae
464 3258 490 3308 id
506 3254 574 3307 ullae
591 3264 741 3322 agnoscunt.
765 3258 853 3318 Recte,
870 3268 899 3308 ut
914 3267 988 3322 puto:
1004 3259 1080 3308 modo
1092 3256 1123 3307 τὸ
1137 3258 1292 3308 reiicientibus

173 3353 254 3394 mutes
274 3344 300 3392 in
320 3343 457 3392 reiicientes.
480 3341 520 3392 Ita
537 3344 603 3392 enim
621 3351 776 3407 conceperat
791 3343 900 3393 Plinius:
921 3343 1090 3408 Dqsentericos
1109 3359 1185 3392 semen
1201 3343 1292 3394 duabus

173 3427 293 3476 drachmis
305 3427 330 3476 in
342 3427 394 3475 uino
406 3426 490 3490 optime
500 3425 591 3478 liberat.
613 3426 762 3492 qulapathi
771 3443 848 3477 semen
862 3427 930 3478 lotum
944 3429 968 3477 in
981 3445 1046 3493 aqua
1056 3428 1148 3479 coelesti
1154 3429 1291 3494 sanquinem

173 3512 313 3572 reiicientes,
330 3509 424 3559 adiecta
436 3511 533 3574 acacia,
552 3510 619 3561 lentis
635 3511 804 3576 maqnitudine.
822 3515 978 3578 Intelligitur
995 3517 1062 3564 enim
1080 3530 1114 3564 ex
1130 3514 1290 3579 praecedenti

173 3599 287 3646 membro
300 3594 390 3644 liberat.
415 3598 449 3644 Et
461 3597 496 3644 sic
509 3603 579 3644 amat
591 3610 666 3659 saepe
677 3597 776 3647 Plinius
788 3600 866 3648 verba
877 3599 1033 3649 lucrifacere.
1053 3600 1202 3663 Scripsimus
1215 3600 1291 3649 etiam

173 3682 264 3744 optime,
276 3696 324 3745 pro
336 3688 427 3744 potum:
440 3695 500 3728 nam
513 3687 538 3728 et
550 3679 625 3729 Voss.
639 3688 664 3729 et
677 3681 778 3731 Chiflet.
790 3683 909 3746 optimum.

208 3763 261 3826 [86,
279 3751 340 3826 2'34]
360 3762 454 3814 Radice
470 3762 616 3812 meliceridas
635 3773 657 3813 et
674 3763 753 3828 lepras
770 3764 867 3827 curant]
887 3767 1008 3829 Agnosco
1021 3763 1174 3826 meliceridas,
1192 3765 1234 3813 lib.
1249 3771 1290 3825 21,

173 3855 205 3898 20
220 3848 273 3911 [87,
294 3847 363 3911 151].
380 3848 480 3900 Psellns
493 3844 554 3913 napi
567 3847 665 3898 καινῶν
679 3847 817 3912 ὀνομάτων
836 3851 889 3899 τῶν
908 3849 937 3899 ἐν
956 3848 1116 3915 νοσήμασιν·
1135 3844 1290 3915 Μελικηρῐς,

173 3928 315 3999 ἀπόστημα
331 3931 434 3994 σώματι
448 3929 556 3999 χλιαρῷ
568 3930 665 3992 ἐοικός.
686 3936 737 3986 Sed
750 3935 793 3984 hic
806 3944 916 3998 quatuor
927 3935 1025 3997 scripti:
1043 3932 1138 3983 Rodiae
1148 3932 1247 3994 cherias,
1264 3940 1293 3983 ut

173 4024 229 4066 erat
240 4017 317 4080 vulgo
326 4026 385 4068 ante
395 4019 563 4069 Hermolaum
573 4019 720 4069 Barbarum.
738 4021 860 4084 Princeps
871 4021 946 4069 liber:
959 4017 1053 4068 Radici
1062 4017 1173 4068 licherias
1182 4026 1204 4066 et
1213 4017 1293 4082 lepras

172 4109 265 4151 curant.
282 4103 359 4152 Parte
377 4101 489 4154 lichenas.
508 4103 551 4154 sie
569 4102 612 4161 lin
626 4110 667 4165 21,
687 4109 716 4154 19
731 4103 871 4167 [74,12s]:
889 4103 1010 4154 Lichenas
1022 4113 1045 4154 et
1056 4103 1135 4170 lepras
1147 4111 1170 4152 et
1178 4107 1293 4171 furfures

139 4190 143 4197 '
173 4187 197 4234 in
207 4186 278 4248 facie
294 4185 423 4236 emendant.
440 4187 484 4238 lib.
497 4195 537 4250 22,
557 4195 588 4238 22
603 4186 656 4251 [43,
669 4187 726 4250 86];
750 4189 849 4240 Urinam
862 4189 922 4239 ciere
935 4189 1188 4259 praecipuetraditur,
1205 4208 1293 4242 sanare

1074 4272 1092 4307 a
