2918 4794
167 1926 279 2047 Oum
306 1993 404 2044 anno
432 1968 633 2068 superiore,
667 1979 811 2067 patrem
841 1967 880 2042 in
912 1967 1043 2042 itinere
1076 1965 1283 2057 comitatus,

164 2120 204 2191 in
229 2123 456 2195 monasterio
480 2119 581 2196 TUO
612 2122 878 2217 perlustrarem
904 2119 1061 2212 codices,
1090 2144 1182 2216 quos
1205 2120 1285 2218 plu·

165 2271 279 2343 rimos
307 2282 345 2345 et
371 2273 531 2369 optimos
549 2273 676 2362 habes,
702 2272 840 2346 librum
857 2273 1140 2369 palimpsestum
1159 2270 1285 2369 depre-

165 2423 289 2514 hendi,
317 2425 381 2522 qui
405 2383 560 2523 propter
584 2425 834 2498 venerabilem
852 2450 963 2522 quam
980 2449 1069 2522 prae
1088 2447 1128 2496 se
1145 2424 1288 2497 ferebat

166 2577 424 2674 antiquitatem
448 2577 524 2649 iam
550 2576 597 2650 ad
624 2577 786 2676 primum
803 2578 995 2651 oculorum
1021 2578 1194 2652 obtutum
1211 2576 1286 2650 ani·

165 2754 266 2802 mum
308 2731 357 2804 ad
393 2756 432 2804 se
464 2730 640 2821 advertit,
683 2754 774 2804 mcx
804 2756 909 2822 vero,
952 2739 1196 2828 posteaquam
1231 2730 1287 2802 in·

167 2884 275 2979 spexi
296 2884 424 2980 paullo
447 2884 613 2980 propius,
641 2908 790 2957 omnem
815 2884 949 2956 mentis
972 2883 1217 2956 intentionem
1247 2882 1287 2955 in

167 3058 208 3106 se
235 3033 396 3107 defixam
421 3036 562 3108 habuit.
607 3035 701 3110 (ium
735 3037 871 3109 veteris
899 3035 1103 3132 scripturae
1129 3034 1289 3133 vestigia

167 3186 229 3258 vel
264 3210 446 3258 summam
482 3189 674 3261 oculorum
712 3186 828 3261 aciem
863 3186 1084 3286 effugerent,
1125 3187 1289 3262 chemica

169 3349 293 3412 autem
320 3364 413 3435 quae
441 3339 614 3416 dicuntur
645 3341 859 3415 adiumenta
888 3340 937 3413 ad
966 3365 1099 3414 manus
1130 3365 1207 3414 non
1234 3364 1288 3413 es·

169 3502 264 3583 sent,
296 3493 456 3590 paucula
480 3503 627 3568 tantum
652 3497 778 3587 verba,
811 3518 969 3591 quorum
999 3494 1177 3592 reliquiae
1203 3492 1289 3566 faci·

166 3645 239 3718 lius
257 3646 486 3744 legebantur,
514 3647 694 3744 exscripsi
712 3647 936 3744 domumque
952 3647 1073 3737 retuli,
1101 3671 1175 3744 quo
1193 3671 1289 3719 com·

168 3796 315 3870 modius
341 3798 568 3897 investigare
593 3824 754 3895 possem,
781 3799 830 3872 ad
857 3825 1054 3897 quemnam
1072 3798 1290 3897 scriptorem

168 3950 230 4022 vel
256 3949 305 4022 ad
331 3951 436 4023 cuius
464 3952 654 4049 scriptoris
674 3976 767 4050 opus
785 3952 995 4050 fragmenta
1011 3951 1192 4051 rescripta
1209 3977 1289 4050 per·

167 4100 340 4175 tinerent.
367 4102 572 4202 Postquam
590 4131 666 4178 non
690 4106 770 4180 sine
795 4106 923 4180 labore
949 4104 1127 4204 indagavi
1152 4106 1289 4181 librum

1070 4239 1085 4272 a
