2918 4794
544 285 648 328 10111
664 284 805 329 111111.
823 283 903 322 xxx.
1242 255 1283 322 63

165 447 270 500 tempora
282 437 307 485 in
319 434 396 500 speleo
408 433 495 498 aquile.
516 434 644 489 Mortiulie
661 431 698 495 [2‚
711 439 752 494 99,
765 429 805 494 9];
823 445 946 483 nuruerosu
962 427 1037 477 linunt
1052 426 1179 476 stellantem
1192 427 1285 492 splenia

155 524 271 586 frontem.
295 521 338 571 Sic
356 529 382 570 et
397 520 449 569 fere
464 520 608 569 Piutinnue:
631 519 675 568 sed
692 518 760 568 mule
777 531 823 579 pro
840 530 893 564 non
904 513 1027 564 Plinienis
1040 514 1115 574 delet,
1132 527 1198 575 queo
1210 516 1285 564 corri-

166 607 251 667 gendo
264 611 345 655 erent.
710 588 713 592 Δ

198 686 253 750 [81,
264 685 324 749 101]
341 687 447 738 Vomitus
456 702 547 750 quoque
557 699 641 735 sonum
650 682 724 734 illitus
732 680 819 744 venui]
829 684 919 735 Forte:
929 679 1001 730 illitos
1010 678 1086 728 uentri
1093 695 1180 741 aquam
1193 678 1286 731 tradere

163 772 321 836 promittitur.

199 857 264 907 Cir.
276 855 339 906 XII.
354 853 406 917 [et,
421 852 482 915 loe]
506 854 537 904 Ut
549 861 636 902 terram
648 868 690 901 nec
698 859 782 915 postea
793 848 907 915 ottinpat]
927 851 989 910 Alii,
1002 864 1047 901 non
1056 855 1148 912 postea.
1167 847 1242 899 Voss.
1259 863 1286 894 ne
1345 890 1348 899 .

162 950 254 1004 postea.
273 940 362 990 Cicero
374 939 417 988 lib.
433 944 471 988 13.
485 937 616 989 11111154.
633 951 775 1000 operamque
787 934 835 996 do,
848 933 911 997 quod
918 933 981 994 fides
994 941 1035 982 tua
1045 932 1158 996 potietur,
1170 939 1197 981 ut
1207 946 1287 980 somus

165 1023 319 1074 odoiacentis
330 1021 476 1084 reonefiat.
500 1022 549 1073 SC.
568 1023 599 1072 de
615 1021 778 1085 philosophis
795 1029 820 1070 et
836 1019 980 1069 rhetoribus
996 1018 1063 1081 opud
1076 1016 1225 1067 Suetonium
1244 1012 1286 1077 [de

166 1110 260 1159 rhetor.
276 1113 297 1168 1,
311 1105 351 1168 2]:
373 1106 409 1154 uti
421 1105 515 1156 Remos
532 1121 561 1156 ne
577 1113 660 1154 essent.
686 1105 762 1164 Dein,
785 1102 867 1154 totiens
883 1102 1047 1165 exspuentibus
1063 1098 1166 1149 nudente
1183 1106 1205 1147 et
1221 1097 1288 1149 cuius

166 1189 301 1240 medebitur.
328 1206 382 1240 non
402 1206 428 1238 eo
445 1190 489 1246 eui.
516 1192 550 1240 Et
570 1203 662 1239 censeo
683 1190 793 1248 dictum,
813 1197 843 1237 ut
863 1185 992 1251 oprestium
1011 1184 1133 1248 Repnavit
1148 1181 1288 1246 populorum

168 1262 396 1338 [Ηο1.011.8,80,
412 1273 464 1336 11].
481 1274 589 1336 Alioqui
605 1287 706 1337 posses:
724 1272 763 1321 cui
779 1272 800 1320 is
817 1269 951 1321 medebitur.
974 1270 1077 1332 Andeg.
1093 1269 1143 1318 iem
1162 1267 1289 1318 defecerat

166 1359 264 1419 inillis,
281 1358 376 1408 Tubero
392 1366 415 1407 et
431 1373 588 1421 quaecumque
605 1355 693 1405 molliri
706 1372 765 1419 opus
779 1355 811 1404 sit
828 1350 1082 1416 efficacis[88,107],
1101 1367 1181 1416 usqne
1197 1352 1229 1401 ud
1247 1365 1288 1401 01-

167 1444 227 1506 pitis
240 1445 368 1506 sequentis
382 1442 435 1505 [40‚
449 1440 509 1504 119]
522 1441 595 1492 murr's
606 1457 657 1490 cum
669 1434 736 1489 m'elle
746 1447 790 1489 out
802 1455 853 1490 oum
865 1439 977 1489 vermium
991 1446 1133 1487 umerorum
1146 1435 1187 1498 qui
1201 1442 1223 1482 et
1235 1450 1289 1484 ossa

167 1525 277 1575 extrahit.

203 1608 256 1672 [86,
272 1609 333 1672 110]
351 1609 485 1661 Nervorum
500 1609 569 1659 nodis
587 1607 691 1658 medetur
702 1609 787 1673 capitis
798 1608 901 1673 viperini
911 1607 970 1657 cinis
982 1623 1011 1656 ea
1023 1605 1072 1655 oleo
1087 1604 1191 1670 Opprime
1202 1601 1288 1664 illitus]

168 1695 242 1745 Voss.
255 1695 336 1744 Acod.
350 1695 417 1746 Gud.
429 1697 498 1746 Men.
514 1709 567 1743 non
583 1695 679 1744 hebent
694 1691 725 1742 τὸ
744 1692 856 1754 medetur,
874 1694 968 1756 quippe
984 1693 1054 1755 quod
1069 1706 1103 1740 ex
1119 1688 1290 1753 superioiibue

168 1780 200 1828 111
216 1780 416 1842 intelligendum.
438 1779 505 1829 Dein
517 1778 594 1826 Voss.
611 1785 640 1825 ut
652 1785 677 1827 et
689 1777 791 1828 Ghiflet.
809 1776 869 1824 cinis
886 1777 910 1825 in
922 1775 972 1823 oleo
983 1791 1074 1838 cypreo,
1093 1775 1146 1823 eine
1158 1771 1196 1836 τῷ
1207 1771 1289 1823 illitus.

169 1863 219 1914 Sed
231 1871 256 1912 01
268 1879 329 1913 mox
343 1860 413 1924 [ib.]:
430 1860 534 1911 Dolores
550 1875 626 1908 eorum
642 1859 815 1923 amphisbaena
831 1867 925 1907 mortua
941 1856 1086 1920 adullipota,
1102 1859 1155 1906 eine
1173 1852 1212 1919 τῷ
1223 1853 1288 1907 tollit.

169 1946 267 1996 Scribe:
280 1944 409 1994 Dolombus
421 1959 506 1993 eorum.
524 1959 585 1992 nem
597 1952 623 1994 et
633 1943 675 1991 hic
687 1941 881 2005 intelligendum
893 1937 924 1989 τὸ
937 1939 1048 1989 medetur.

202 2029 267 2079 011.
283 2029 359 2078 XIII.
379 2026 432 2090 [89,
448 2007 507 2088 lli]
531 2025 650 2077 Antonius
662 2022 737 2077 Musa
748 2024 851 2077 medicus
863 2041 914 2076 oum
927 2021 1059 2085 incidisset]
1083 2025 1156 2073 Voss.
1173 2020 1291 2075 Antonino

169 2110 260 2174 quidem
274 2111 376 2161 medicus
388 2127 439 2159 cum
451 2109 588 2167 incidissent
600 2108 746 2159 insanabilia
757 2108 845 2160 ulcera.
868 2109 904 2159 Ut
920 2116 946 2157 01
960 2109 987 2157 in
1003 2116 1076 2172 perte
1088 2107 1189 2159 Chiflet.
1214 2103 1291 2167 [Ver-

169 2196 239 2257 bum,
250 2207 279 2247 ut
290 2197 357 2260 upud
370 2195 517 2244 Iuveuulem
528 2195 576 2255 IV,
589 2200 629 2244 89.
648 2192 739 2242 Incidit
750 2192 856 2242 Adriuci
867 2193 969 2256 spatium
981 2191 1123 2240 admirabile
1135 2191 1232 2241 rbornbi.
1250 2194 1292 2243 Ex

170 2277 292 2328 Insmend.
304 2296 330 2344 p.
344 2276 414 2338 845]
770 2323 775 2332 .

204 2360 257 2424 [40,
269 2359 329 2423 119]
348 2360 461 2409 tintcum
473 2359 585 2409 nemina
598 2367 741 2409 terrenorum
753 2360 830 2409 cinere
841 2359 884 2422 qui
894 2357 977 2421 etiam]
997 2360 1072 2411 Voss.
1085 2363 1168 2422 arguit
1180 2359 1293 2418 cotetae

168 2443 199 2495 τὸ
214 2461 273 2506 cum,
290 2446 350 2494 item
362 2441 392 2492 τὸ
405 2443 494 2493 cinere:
513 2445 604 2494 deinde
621 2445 706 2504 hebet,
723 2444 766 2506 qui
781 2452 803 2492 et
818 2460 880 2494 ossa.
903 2446 964 2496 Fuit
980 2445 1100 2495 nimirum
1112 2444 1291 2495 1110010111-

168 2532 237 2581 dius:
255 2543 297 2576 nec
314 2525 406 2576 tardius
422 2527 482 2585 ciniis
497 2526 613 2576 siluestris
628 2527 703 2576 muris
718 2544 769 2576 cuns
786 2527 852 2576 melle
869 2536 912 2578 aut
922 2528 1033 2578 ommium
1046 2535 1198 2590 areanorum,
1216 2527 1293 2591 quiet

168 2629 224 2661 ossa
235 2610 347 2661 extrahit.
369 2611 459 2676 Neque
475 2613 541 2662 euim
559 2613 668 2662 cinerem
684 2614 763 2663 muris
779 2613 899 2673 siluestris
919 2628 976 2663 cum
988 2614 1072 2672 melle,
1084 2621 1128 2662 eut
1138 2613 1197 2665 loco
1209 2605 1292 2667 meltis

153 2690 226 2748 'cum
247 2698 370 2746 vermium
390 2705 549 2748 terrenorum
571 2697 654 2748 cinere
676 2697 701 2746 id
721 2706 851 2763 proestare
867 2699 934 2759 vuit,
954 2700 1000 2748 sed
1017 2698 1138 2751 silvestris
1153 2699 1231 2752 muris
1248 2704 1292 2750 out

169 2784 291 2832 vermium
309 2791 465 2832 terrenorum
482 2783 592 2845 cinerem
608 2797 666 2830 cum
684 2783 769 2832 melle.
793 2782 860 2834 Gud.
872 2784 975 2847 Menep.
988 2792 1014 2833 01
1024 2785 1106 2836 Aced.
1123 2791 1166 2835 aut
1176 2799 1228 2835 cum
1240 2799 1292 2833 ver·

170 2865 243 2914 nibus
256 2866 353 2914 terrenis
365 2865 406 2928 qni
417 2873 440 2917 et
451 2882 512 2915 osso.
530 2866 633 2928 Andeg.
646 2874 675 2915 ut
687 2867 798 2919 diximus
810 2867 842 2918 ud
855 2876 932 2930 ceput
942 2871 1097 2932 praecedens
1111 2867 1163 2930 [³4,
1179 2865 1249 2929 108]

204 2949 267 2999 CAP.
279 2949 354 3000 XIV.
368 2947 422 3011 [te
438 2946 497 3010 124]
521 2947 551 2996 Iu
563 2949 664 2997 cervices
676 2956 698 2996 et
709 2948 829 3012 scapulas,
846 2966 875 2997 ne
890 2951 958 2998 nervi
972 2950 1079 3014 doleant]
1105 2954 1180 3003 Voss.
1196 2953 1292 3005 Vermet

171 3033 258 3083 terreni
269 3032 339 3095 inliti,
353 3049 381 3081 ne
392 3032 494 3082 catrices
505 3030 673 3096 scopulumque
684 3032 752 3080 nerui
762 3031 864 3092 doleant,
874 3041 1006 3096 praestent.
1030 3037 1110 3097 Lege:
1128 3037 1291 3099 scopulorum·

170 3133 221 3180 que.
239 3128 268 3168 ut
279 3108 360 3185 voluit
370 3119 512 3168 Pintienus.
524 3118 659 3180 Andegov.
671 3116 696 3165 in
707 3117 807 3167 ceruioes
818 3116 1015 3180 scapularumque
1026 3135 1054 3167 ne
1066 3121 1142 3170 nervi.

103 3209 110 3217 “
207 3202 259 3265 [41
274 3201 333 3264 lue]
351 3201 461 3252 Baculus
472 3219 517 3265 quo
529 3201 605 3265 unpui
621 3218 684 3252 rana
695 3217 794 3252 0100111
806 3200 847 3263 sit]
867 3203 942 3252 Voss.
955 3201 1081 3254 Bet-culum.
1100 3204 1244 3266 11011181,
1260 3215 1290 3261 10

172 3283 225 3348 [18
240 3285 312 3348 141]:
330 3285 446 3337 Pulmone
457 3286 550 3336 murino
565 3287 587 3336 si
598 3286 741 3349 confricetur
753 3285 849 3351 llpnum,
867 3285 953 3335 ardere
965 3285 1056 3336 uidetur
1068 3287 1135 3349 adeo,
1147 3297 1173 3339 ut
1185 3290 1288 3344 bomlum
1305 3300 1352 3346 sot

167 3370 312 3434 praeluceat.
336 3373 379 3422 Sic
397 3372 526 3432 Gelenius,
544 3382 570 3422 ct
585 3373 721 3422 adfirment
737 3379 788 3422 tres
804 3371 932 3423 Voeeiuni.
956 3371 1047 3423 Cicero
1065 3374 1096 3423 de
1112 3375 1202 3430 finibus
1219 3377 1289 3432 11112

172 3453 224 3517 [11,
238 3454 295 3520 et]:
314 3454 435 3505 Racilium
448 3455 516 3506 aliud
527 3464 561 3505 eet
572 3456 684 3520 inflexum
696 3464 719 3504 et
730 3455 879 3507 incurvatum
891 3455 921 3506 de
932 3455 1057 3519 industrio,
1075 3457 1144 3509 aliud
1154 3459 1190 3512 ita
1202 3470 1289 3513 1101100.

170 3540 243 3590 Idem
256 3541 349 3592 Ouidio
367 3556 414 3591 suo
431 3543 490 3605 plus
507 3540 586 3591 semel
602 3541 712 3591 restituit
727 3543 765 3592 vir
781 3543 870 3593 studiis
881 3543 1005 3592 incertum
1019 3546 1100 3593 muicr
1111 3559 1143 3595 un
1156 3548 1253 3599 meritis
1265 3549 1290 3596 in

170 3625 362 3688 rempublicam,
378 3627 490 3688 utrisque
506 3635 575 3674 uerte
591 3627 688 3687 ingene,
706 3641 754 3677 nec
766 3627 850 3678 Ovidii
866 3627 946 3689 megie
962 3642 1039 3689 quem
1056 3631 1169 3679 omnium
1182 3634 1290 3695 antiqui·

170 3711 229 3759 tetis
241 3711 370 3759 literarum
384 3711 493 3772 optimus
506 3711 608 3769 vindex,
620 3711 751 3772 interpres,
765 3712 1016 3783 communiendis
1029 3712 1084 3761 aliis
1096 3713 1188 3775 fautor,
1202 3716 1291 3766 euffro-

170 3802 252 3856 getor,
265 3795 335 3844 testis
347 3795 608 3854 benevolentissimue,
620 3795 741 3844 Nicolnus
753 3796 880 3845 Heinsius.

206 3874 259 3937 [44,
274 3874 333 3938 190]
364 3877 539 3941 Transpressus
559 3879 655 3926 abortus
675 3893 771 3941 asperos
783 3877 879 3940 faciat]
907 3881 982 3929 Voee.
1005 3890 1029 3930 01
1050 3882 1103 3930 iere
1124 3884 1206 3934 codex
1223 3887 1291 3937 Pint.

173 3959 247 4008 Ouum
264 3962 329 4010 corui
343 3962 472 4011 cauendum
487 3960 595 4027 providis
607 3969 706 4022 constat,
724 3962 834 4024 quonium
847 3964 1001 4026 tranepressis
1013 3965 1119 4015 abortum
1129 3983 1174 4031 per
1186 3970 1289 4031 osfacit.

169 4045 311 4094 Praeclare.
330 4047 365 4095 sie
382 4047 523 4108 lib.10,12
542 4045 595 4109 [15‚
608 4045 666 4108 32]:
692 4045 739 4097 Ore
755 4063 793 4095 eos
808 4063 894 4110 parere
911 4057 953 4096 aut
969 4049 1031 4098 coire
1047 4049 1131 4114 culpus
1146 4053 1291 4106 arbitratur:

170 4126 267 4190 ideoque
277 4128 402 4192 providas,
418 4131 441 4180 si
456 4129 546 4181 ederint
561 4130 681 4181 coruinum
694 4146 769 4192 ovum,
784 4147 829 4194 per
846 4149 871 4182 oe
884 4141 981 4195 partum
998 4133 1103 4185 reddere.
1126 4137 1291 4204 Transprestie

171 4221 196 4259 et
209 4210 309 4261 Chiflet.
328 4213 400 4261 Facit
412 4211 478 4265 Gud.
491 4223 516 4264 01
528 4216 609 4265 Acud.
623 4224 647 4265 01
659 4216 780 4265 Voeeieni
793 4217 851 4264 duo.
