2918 4794
312 1243 713 1453 lnnnuls
743 1265 1133 1452 ⁸sumnus

601 1563 842 1639 LECTURIS

705 1765 740 1839 S.

165 1993 277 2128 Cum
303 2065 389 2126 ante
415 2053 486 2126 hos
512 2063 686 2148 quattuor
717 2076 835 2124 annos
867 2051 1027 2148 primum
1053 2049 1152 2124 Plini
1179 2063 1284 2125 natu·

163 2227 227 2276 rae
257 2203 497 2276 historiarum
528 2173 703 2274 volumen
737 2200 812 2274 Iuli
842 2196 965 2296 Sillipi
998 2204 1095 2274 curis
1126 2204 1284 2300 perpoli-

163 2363 244 2425 tum
261 2355 300 2426 in
317 2352 509 2450 publicum
526 2350 702 2449 prodiret,
728 2377 805 2424 non
823 2351 1000 2448 putabam
1018 2376 1088 2448 ego
1114 2354 1205 2442 fore,
1231 2365 1284 2444 ut,

34 2588 40 2597 ,
165 2527 249 2574 cum
274 2503 354 2600 ipse
373 2499 541 2600 Silligius
568 2504 670 2600 operi
688 2503 878 2605 praefatus
897 2514 1004 2594 esset,
1032 2503 1122 2575 mihi
1148 2503 1285 2600 epilogi

78 2686 81 2691 ·
164 2664 289 2752 partes
307 2665 433 2728 essent
452 2654 716 2751 suscipiendae.
743 2653 793 2727 Et
816 2656 869 2728 sic
886 2666 1010 2727 tamen
1028 2656 1179 2728 voluere
1197 2656 1283 2727 fat-a.

164 2800 259 2876 Nam
286 2815 482 2902 cumpost
508 2805 612 2878 varia
628 2805 873 2895 incommoda,
902 2807 1122 2902 quibuscum
1141 2802 1285 2902 Silligio

165 2956 453 3029 conflictandum
477 2957 560 3045 fuit,
586 2955 737 3027 tandem
764 2956 910 3053 placida
934 2968 1053 3029 morte
1079 2957 1137 3029 his
1163 2967 1284 3059 terrae

164 3105 321 3174 miseriis
358 3105 562 3199 eriperetur
594 3105 653 3175 die
684 3103 775 3175 XIII
806 3108 943 3178 mensis
975 3105 1137 3179 Ianuarii
1173 3107 1284 3179 huius
1365 3177 1367 3183 ,

165 3254 264 3342 anni,
291 3253 498 3352 contigerat
515 3255 664 3351 quidem
682 3257 726 3346 ei,
753 3266 806 3346 ut,
830 3256 930 3353 quod
947 3259 1107 3329 maxime
1125 3258 1163 3328 in
1182 3268 1284 3354 opta·

164 3406 212 3477 tis
239 3405 379 3494 habuit,
406 3405 504 3479 Plini
528 3417 655 3481 textus
682 3410 944 3498 recensionem,
979 3434 1054 3504 qua
1085 3433 1172 3480 suae
1199 3417 1285 3503 post

164 3568 322 3628 mortem
351 3558 472 3631 famae
505 3561 775 3650 consuleretur,
812 3562 1017 3633 confectam
1048 3560 1283 3653 relinqueret,
1405 3635 1406 3638 Ἴ

166 3705 230 3778 sed
256 3706 424 3780 nondum
450 3719 572 3783 tamen
601 3712 735 3801 omnia,
763 3708 896 3806 quibus
920 3712 1010 3783 haec
1028 3709 1283 3782 absolveretur

166 3856 288 3946 editio,
315 3860 479 3955 perfecta
496 3871 612 3949 erant,
640 3886 851 3958 quanquam
869 3862 1027 3958 plurima
1044 3862 1126 3958 ipso
1146 3860 1283 3932 sciente

89 4110 93 4130 Ι
167 4032 209 4078 ac
234 4009 416 4105 probante
443 4011 616 4084 inchoata
643 4022 749 4084 erant
775 4023 839 4084 aut
873 4012 1003 4085 saltem
1035 4013 1194 4109 provisa.
1226 4008 1282 4082 De

165 4157 299 4252 quibus
327 4159 500 4257 deinceps
527 4173 636 4258 atque
663 4161 791 4235 ordine
819 4138 947 4235 dicam.
