2918 4794
578 302 683 346 uorsa
700 303 742 343 aa
757 302 840 344 ereo.
856 301 974 343 xxxm.
1299 283 1337 343 l'l

253 452 310 516 [nl,
330 451 374 514 70]
392 451 429 501 Et
444 452 578 516 opprimunt
598 451 732 515 operarios]
751 453 827 504 Voss.
844 469 868 517 p.
887 469 920 502 m.
939 458 1059 515 operatas:
1080 453 1124 501 sed
1146 452 1243 501 duabus
1264 468 1340 516 supra

163 570 182 597 .
217 537 325 587 literulis
338 536 412 600 pictis
424 538 551 600 posterior
562 552 652 586 monus
670 539 781 587 ostendit
796 537 916 587 maluisse
932 543 1063 600 operantes,
1080 542 1109 584 ut
1124 543 1163 585 cst
1178 537 1204 585 iu
1216 536 1340 586 Aoedem.

196 663 198 666 ,
219 621 339 672 Gudiano
357 628 383 669 et
398 620 501 684 Menep.
531 621 649 670 Frustra:
671 628 786 670 tenemus
806 622 873 669 enim
894 628 974 680 vetus,
995 621 1089 684 quippo
1110 635 1198 669 sensae
1218 621 1340 681 eiusdem,

217 706 320 769 propria
332 706 440 767 quadem
453 704 528 754 huius
539 704 608 753 verbi
620 705 726 752 ratione.
744 705 788 753 lib.
802 710 843 765 26,
857 702 919 765 ηδ,
935 701 993 765 11]:
1006 700 1095 753 Sedere
1106 717 1207 764 namque
1219 693 1244 750 in
1256 702 1342 752 scholr's

218 797 327 854 operatos
338 788 433 853 qratius
445 802 516 851 quam
533 789 568 836 ire
583 804 627 851 per
643 786 788 837 solitudines.
806 788 895 850 Neque
912 789 985 838 aliter
1000 788 1027 837 in
1039 794 1063 838 2.
1076 788 1183 836 Aeneid.
1198 785 1304 851 [potium
1317 795 1341 848 3,

221 880 268 924 135
277 871 357 938 sqq.]:
369 873 431 921 sicco
442 860 569 920 subductae
581 871 649 920 litore
663 887 761 935 puppes.
783 870 909 921 &anubim
920 871 1030 934 arvisque
1042 870 1108 919 novis
1120 879 1218 934 operata
1230 871 1342 920 iuuentus.

218 955 280 1005 Iura
292 954 415 1019 domosque
427 953 522 1005 dabam
546 956 667 1005 Horatius
678 956 722 1006 lib.
738 963 760 1005 l.
773 959 846 1020 epist.
860 963 875 1007 2
889 954 958 1018 [29]:
975 954 1005 1004 In
1017 962 1068 1005 cute
1079 953 1188 1004 curanda
1201 953 1257 1018 plus
1268 971 1342 1018 aequo

221 1046 323 1104 operata
334 1039 449 1089 iuuentus.
467 1042 550 1100 idest,
563 1055 678 1102 operans,
692 1042 847 1104 inpraesene
860 1047 991 1104 occupata.
1010 1041 1099 1090 Haesit
1116 1041 1142 1087 in
1159 1040 1208 1088 hoc
1225 1040 1301 1088 verbo
1318 1047 1343 1089 ot

219 1126 256 1175 M.
272 1125 378 1174 Zucrins
396 1127 428 1175 ed
446 1127 548 1175 tertium
566 1125 687 1173 annalem
704 1122 772 1189 [cap.
790 1123 834 1186 4³]
854 1125 944 1174 Taciti.
975 1123 1091 1187 Operatos
1107 1133 1132 1174 et
1148 1125 1214 1173 liber
1226 1124 1341 1183 Pindari,

220 1213 287 1273 quod
298 1209 343 1259 illo
355 1208 447 1260 frustra
459 1210 578 1258 mutatio
590 1223 683 1272 operas.

254 1291 306 1355 [21,
321 1291 364 1355 n]
383 1294 498 1356 Dantque
513 1293 605 1357 cipnum
623 1293 707 1340 ruinae
720 1307 817 1354 eamque
828 1291 891 1341 solus
903 1291 1014 1355 intelliqit
1026 1291 1050 1340 iu
1063 1292 1182 1340 cacumine
1198 1291 1282 1339 montis
1294 1289 1343 1339 aue

142 1387 146 1394 '
218 1374 330 1440 pereipil]
348 1378 424 1427 Voss.
440 1375 483 1425 dat
498 1377 589 1440 eiqnum
608 1376 746 1438 ruinamque
761 1374 825 1424 solus
842 1376 884 1426 int.
903 1377 927 1425 in
943 1392 993 1426 cac.
1010 1376 1059 1424 eius
1076 1375 1161 1424 montis
1176 1373 1243 1438 viqil.
1260 1373 1342 1424 Aoed.

220 1474 323 1524 quoque
338 1475 368 1510 nc
385 1461 452 1511 (iud.
478 1461 664 1524 Menapiusquo
680 1459 774 1508 ruinam
793 1469 819 1511 et
834 1460 901 1525 viqil.
929 1461 1021 1511 Forte:
1039 1459 1143 1510 Peracto
1160 1474 1228 1523 opere
1244 1458 1344 1508 cemices

212 1544 336 1606 fornicum
352 1546 382 1592 ab
398 1543 479 1594 ultimo
494 1543 608 1595 caedunt:
629 1541 656 1592 id
669 1543 761 1609 ciqnum
777 1544 874 1606 ruinae,
896 1544 960 1608 quod
974 1544 1036 1595 solus
1054 1543 1167 1609 intelliqit
1183 1544 1207 1592 in
1224 1543 1344 1592 cacumine

220 1628 305 1676 montis
317 1629 365 1677 eius
377 1628 442 1693 vipil.

249 1710 308 1774 ¹[21,
321 1711 364 1774 73]
383 1711 433 1761 Hic
443 1728 497 1761 voce
509 1713 584 1762 ictuue
596 1721 690 1775 repente
702 1713 826 1776 operarios
843 1713 953 1762 revocari
968 1713 1037 1773 iubet,
1053 1713 1190 1776 pariterque
1206 1713 1257 1776 ipsc
1274 1712 1344 1761 devo-

221 1794 266 1856 lat]
290 1796 367 1846 Voss.
383 1795 433 1846 Hic
448 1803 528 1844 vocent
544 1796 621 1844 ictuue
638 1796 723 1844 uocari
740 1796 803 1844 iubet
822 1811 953 1859 operasque
973 1796 1024 1858 ipse
1044 1795 1146 1846 devolat.
1172 1796 1254 1846 Aoad.
1275 1796 1343 1847 Gud.

220 1879 290 1929 Men.
302 1878 340 1927 liic
355 1894 409 1927 uoce
424 1894 481 1926 neue
496 1877 579 1926 uocari
595 1878 657 1926 iubet
673 1893 803 1940 opacaque
819 1877 869 1940 ipse
880 1877 981 1927 deuolat.
999 1878 1083 1927 Locus
1096 1878 1206 1928 afflictus
1218 1886 1244 1928 st
1256 1880 1343 1942 despo·
1358 1884 1406 1928 818

220 1971 298 2013 ratus.
316 1963 368 2014 Sed
380 1971 465 2012 tomen
478 1963 568 2010 lectius
581 1976 665 2024 operae
678 1959 760 2023 (quod
772 1969 799 2009 et
810 1961 874 2010 libor
885 1959 1010 2023 Plotiani)
1023 1975 1099 2024 quum
1117 1961 1246 2025 operarios.
1264 1965 1344 2013 Forte

221 2047 297 2095 etium
310 2063 364 2095 uoce
377 2046 496 2095 tinnituve.

154 2121 160 2132 “
256 2128 318 2192 [In]
339 2130 411 2180 Mons
420 2132 520 2195 fractus
532 2127 597 2178 cadit
612 2145 625 2178 e
642 2128 703 2192 sese]
721 2131 797 2180 Voss.
810 2139 835 2180 et
847 2130 914 2180 Gud.
927 2131 958 2179 ab
969 2146 1026 2179 cese.
1045 2131 1125 2182 Acad.
1139 2138 1165 2181 ot
1177 2132 1246 2181 Men.
1259 2147 1276 2179 a
1287 2148 1343 2180 sese.

220 2214 299 2276 Lege,
311 2215 337 2264 in
348 2230 403 2263 sese.
421 2215 549 2276 Lucanus,
561 2212 592 2262 In
604 2229 629 2261 se
641 2230 730 2277 moqna
741 2222 819 2262 ruunt.
837 2215 971 2264 Pintienus
983 2231 1000 2262 a
1011 2230 1060 2262 sese
1073 2214 1147 2279 lonqe.

255 2295 317 2360 [In]
341 2299 465 2360 Tantaque
480 2296 515 2345 ad
528 2296 637 2361 pericula
652 2295 781 2345 evincenda
790 2297 846 2359 fuit
861 2298 921 2350 satis
938 2296 1036 2359 carnae]
1055 2298 1133 2348 Voss.
1149 2298 1258 2361 pericula
1274 2308 1297 2347 et
1308 2301 1344 2349 in·

220 2380 305 2430 cendia
315 2382 376 2429 rans
385 2381 440 2444 fuit
456 2396 536 2430 causa.
555 2382 620 2431 Tres
632 2396 734 2444 qaoque
746 2382 798 2442 eiii,
813 2381 921 2444 periculo
937 2391 960 2430 ct
976 2381 1093 2431 incendia.
1116 2383 1214 2433 Scribo:
1232 2391 1344 2446 tantaque

192 2469 197 2479 ”
220 2463 255 2512 ad
262 2462 373 2528 pericula
384 2471 406 2511 ct
418 2461 538 2526 impendia
549 2463 610 2512 satis
619 2464 675 2526 fuit
683 2480 781 2514 causae.
799 2467 933 2516 Pintiunns
946 2468 1023 2516 etiam
1034 2465 1095 2514 satis
1105 2466 1159 2528 fuit
1171 2482 1263 2516 caueae.

255 2546 309 2610 [21,
324 2544 367 2608 74]
386 2545 458 2595 Alius
469 2563 516 2611 par
528 2554 562 2594 eet
573 2545 640 2596 labor
652 2545 689 2596 uel
699 2547 743 2597 lroc
753 2549 853 2598 maiores
864 2547 989 2613 impendii]
1003 2551 1078 2599 Voss.
1091 2548 1163 2598 Alica
1173 2565 1221 2612 par
1233 2548 1302 2598 labor
1313 2567 1344 2599 ac

221 2631 258 2681 uel
273 2632 350 2680 maior
369 2630 479 2695 impendi.
502 2635 586 2696 Lege:
602 2631 666 2681 alius
679 2649 729 2697 par
746 2632 813 2682 labor
824 2650 854 2682 ac
865 2632 903 2683 vel
913 2634 1010 2683 mamea
1022 2632 1136 2697 impendii
1143 2633 1251 2698 flumina
1262 2632 1297 2682 ad
1308 2633 1343 2683 la-

221 2715 324 2765 vandam
338 2714 399 2765 hanc
410 2716 505 2765 ruinam
522 2717 584 2782 iuqis
599 2719 709 2767 montium
728 2719 801 2768 obiter
817 2716 908 2768 ducere.
928 2719 971 2770 Sic
983 2719 1050 2769 enim
1062 2719 1134 2768 iubet
1144 2720 1291 2776 membrana
1303 2734 1344 2770 ou·

222 2801 338 2850 sissima.
367 2800 434 2850 Guo.
452 2803 536 2863 otiam,
553 2803 623 2852 Men.
645 2803 872 2868 Academicnsque,
890 2820 920 2852 ac
938 2802 975 2853 vel
989 2804 1065 2852 maior
1082 2801 1187 2866 inpendi.
1212 2803 1345 2853 Pintianus

222 2899 336 2947 quoquc:
349 2900 378 2946 ae
389 2883 425 2933 uel
436 2884 536 2933 maioris
548 2884 666 2948 impendii.
975 2936 984 2953 ‚

256 2966 318 3030 [Ia]
337 2968 459 3019 Nimirum
471 2975 494 3015 ct
504 2967 543 3016 irie
555 2967 623 3016 labor
634 2968 680 3031 est]
700 2969 777 3020 Voss.
789 2971 816 3018 ni
826 2970 907 3020 millae
919 2980 941 3018 et
953 2971 991 3019 lu'c
1003 2970 1070 3020 lalror
1082 2981 1122 3021 est.
1141 2982 1203 3033 tum,
1218 2971 1343 3023 libramen·

222 3060 269 3101 tum
281 3061 371 3117 oportet
382 3061 404 3102 et
413 3052 512 3116 fruaris
524 3067 594 3114 quant
605 3051 681 3115 fluat.
701 3053 885 3104 Coniiciebam:
898 3053 979 3104 Ninui
989 3063 1010 3102 et
1022 3054 1060 3102 liic
1073 3054 1172 3103 labores.
1189 3055 1345 3120 Praecepesse

222 3135 382 3186 libramentum
395 3145 485 3200 oportet
501 3144 524 3185 et
540 3136 603 3185 strui
619 3137 684 3185 varis
700 3153 749 3199 qua
758 3138 835 3200 fluat.
851 3139 876 3186 id
894 3147 941 3199 est,
957 3138 1035 3188 furcis
1050 3139 1091 3187 vel
1104 3140 1205 3200 perticis
1217 3140 1258 3188 vel
1269 3142 1343 3190 vellis

221 3221 347 3272 subiectis.
369 3222 488 3271 Lucanus
499 3222 543 3270 lib.
556 3229 571 3270 4
585 3219 633 3283 [vs.
647 3220 720 3283 439]:
737 3220 858 3285 dispositis
873 3222 970 3271 attollat
985 3222 1048 3271 retia
1064 3223 1130 3272 naris
1148 3223 1259 3272 Venator.
1282 3225 1343 3274 Pin·

221 3307 312 3367 cianus,
325 3307 350 3354 in
363 3304 425 3354 mille
437 3313 460 3354 et
471 3305 509 3354 hic
522 3305 625 3356 atores:
638 3313 693 3355 tum
706 3304 880 3356 libramentum:
894 3309 1050 3370 deniqueret
1059 3307 1111 3368 fiat
1122 3308 1145 3355 ei
1154 3324 1203 3369 qua
1214 3307 1308 3371 influat.

256 3386 317 3450 [Ib.]
341 3388 374 3438 Ut
388 3389 473 3453 procul
488 3390 629 3440 intuentibus
645 3391 734 3454 species
751 3390 858 3454 nefaria]
877 3391 954 3442 Voss.
973 3391 1060 3456 species
1076 3393 1206 3455 nasarium.
1232 3396 1267 3444 Et
1286 3410 1344 3458 pto·

220 3471 287 3521 fecto
299 3475 372 3522 nihili
385 3483 424 3524 est
434 3476 480 3524 illa
492 3475 589 3537 nq'aria
598 3476 701 3540 speeies.
713 3476 845 3539 Numquid
854 3477 944 3540 species
955 3478 1089 3527 natantium
1098 3476 1199 3541 quidem,
1210 3478 1253 3527 sed
1261 3479 1343 3529 alitum

212 3557 281 3618 fiat?
299 3557 367 3607 Gud.
380 3566 405 3607 et
417 3560 498 3608 Acad.
512 3559 639 3623 nefarium.
657 3561 726 3609 Men.
741 3559 887 3624 nepharium.
906 3563 1047 3621 Pintienus,
1061 3577 1089 3608 ne
1098 3563 1211 3624 ferarum
1224 3562 1325 3627 quidem.

255 3638 308 3702 [21‚
323 3640 366 3703 75]
385 3641 421 3690 Et
433 3642 508 3691 lineas
520 3643 602 3692 itineri
611 3643 759 3708 praefiqunt]
778 3646 855 3696 Voss.
867 3645 1015 3708 praedicunt,
1034 3646 1105 3707 quasi
1117 3648 1177 3695 velit
1189 3648 1343 3710 praeducunt.

221 3723 262 3773 Sic
274 3740 329 3788 cop.
343 3733 357 3776 3
372 3725 425 3788 [19,
440 3726 495 3788 60]:
513 3744 563 3776 curn
576 3735 682 3791 arpena,
694 3744 757 3788 aere,
773 3727 868 3792 plumbo
881 3728 956 3777 lineae
969 3727 1139 3792 producantur.
1157 3732 1233 3782 Voss.
1244 3731 1342 3795 praedi-

220 3815 310 3858 cantur.
329 3811 399 3874 Lege
412 3811 598 3875 praeducantur.
617 3827 672 3876 cup.
687 3818 701 3862 6
715 3811 768 3873 [31,
782 3811 840 3874 98]:
857 3812 949 3861 Liseus
961 3829 990 3861 cn
1001 3822 1099 3877 arpenta
1112 3813 1231 3877 praeduci
1238 3815 1343 3877 fierique

219 3892 346 3942 mirantur.
360 3895 402 3946 Sic
412 3897 477 3946 enim
489 3897 596 3946 eximius
606 3897 737 3958 liber,non
744 3896 854 3960 produci,
864 3897 1138 3962 nonfieriproducique.
1149 3900 1192 3949 lib.
1198 3904 1238 3960 35,
1249 3899 1342 3965 18[po·
1410 3905 1416 3915 '

219 3977 281 4026 tias:
290 3984 332 4039 ³5,
347 3984 387 4041 17,
398 3987 437 4042 58,
449 3980 522 4043 199]:
534 3980 583 4028 Est
593 3989 616 4029 et
628 3979 743 4029 vilissima
756 3979 835 4045 [apud
848 3983 928 4033 Gran.
942 3983 1077 4034 manifesto
1090 3998 1175 4034 errore
1187 3987 1342 4048 typographi

219 4059 357 4125 milesiae]
371 4061 473 4126 (oreta),
490 4082 539 4128 qua
550 4065 636 4133 circum
646 4063 790 4130 praeducere
802 4064 837 4114 ad
853 4067 965 4117 victoriae
976 4075 1055 4116 notam
1072 4068 1221 4118 instituerunt
1232 4070 1341 4120 maiores.

219 4144 356 4210 colloquia
373 4148 542 4200 Scholastica:
564 4144 759 4215 Παραγράφειν
781 4146 830 4199 οὐκ
854 4146 929 4202 aida·
954 4149 986 4201 alr
1005 4151 1066 4214 ἐμοὶ
1083 4152 1279 4220 παράγραφον,
1303 4154 1343 4214 ὡς

219 4224 305 4288 aldae.
325 4231 474 4283 Praeducere
486 4235 576 4284 nescio:
594 4244 618 4285 tu
630 4235 689 4284 mili
696 4234 809 4299 praedae,
823 4235 938 4299 quomodo
949 4239 1002 4289 scis.
