2918 4794
310 352 313 359 1
393 356 404 373 ·
429 328 441 355 ,
526 296 634 342 nonen
651 296 792 336 11111111.
808 295 924 335 xxxnt.
994 321 999 328 .
1248 275 1287 337 79

200 447 290 511 [Ibid]
308 446 373 497 Dein
392 444 456 495 tenui
470 445 549 494 cribro
570 443 712 506 secernitur]
731 445 807 494 Voce.
824 453 848 495 et
864 445 974 494 Pintiani
995 444 1060 493 liber
1080 444 1158 494 cribro
1179 447 1287 496 cernitur.

165 536 222 585 Lib.
237 537 276 592 18,
291 539 319 581 11
336 528 389 592 [29,
403 528 476 591 115]:
488 529 622 592 Poeteoque
632 529 704 593 pypci
713 545 774 592 parc
786 535 875 591 quarta
886 527 1037 592 inspergitur,
1049 534 1127 591 atquc,
1140 536 1167 577 ut
1177 529 1289 593 cobaeet't,

157 618 274 682 farinam
285 614 363 664 cribro
374 614 520 663 subcernunt.
542 612 609 670 Quae
625 613 649 661 in
665 628 691 660 eo
707 612 828 673 remaneit,
844 611 973 676 excepticia
988 609 1124 676 appellatur
1140 620 1163 660 et
1177 614 1289 678 prandio·

165 703 227 751 eima
239 707 280 750 eet.
302 698 398 748 Rureue
415 713 476 760 quae
493 697 596 757 nanda,
613 695 715 745 arctiore
727 695 830 744 cernitur
846 703 869 743 et
884 694 1029 745 secundaria
1040 704 1144 746 uocatur.
1162 699 1289 760 1111111

168 784 222 849 [27,
235 783 279 846 tn]
294 785 324 833 de
336 783 437 832 Indico:
454 797 506 830 cum
517 781 628 842 comitur,
640 780 748 844 niprum5
764 787 791 828 at
807 779 833 827 in
845 766 955 828 diluendo
966 781 1093 829 mixturam
1104 798 1226 846 purpurae
1237 799 1290 832 cae·

167 868 270 931 ruleiquc
281 864 411 916 mirabilem
423 863 509 913 reddit.
528 865 571 915 Sic
582 865 648 913 bene
661 864 808 924 samnius,
822 878 880 912 cum
892 871 917 912 11
928 864 955 912 in
968 865 1044 915 Voce.
1058 867 1090 915 sit
1102 873 1220 916 comatur.

202 950 260 1013 [27,
273 949 318 1012 89]
342 949 442 1000 Summa
458 945 664 996 commendationis
679 955 727 1009 eet,
745 955 772 996 ut
785 945 885 995 colorem
902 945 989 995 labae
1005 946 1090 1011 repetit
1106 947 1166 998 docte
1181 949 1288 1012 uirentis]

169 1035 245 1086 Caret
257 1034 368 1098 optimae
381 1031 440 1089 τοῖς
455 1039 490 1080 cet
506 1040 540 1092 ut,
557 1031 616 1081 dein
631 1030 743 1095 11111111
760 1029 836 1080 colore
852 1030 877 1078 in
894 1028 974 1079 terta.
997 1030 1096 1082 Scribe:
1114 1032 1213 1083 Summa
1229 1050 1289 1082 com.

148 1134 151 1138 ’
167 1116 330 1177 mendationic,
347 1114 445 1165 colorem
462 1114 487 1163 in
504 1114 577 1163 herba
593 1114 678 1178 repetis
695 1113 755 1162 laete
766 1121 792 1162 ut
803 1113 901 1162 virentia
912 1129 983 1176 quam
994 1112 1111 1163 simillime
1127 1115 1220 1166 reddat.
1237 1118 1290 1168 No·

168 1212 219 1254 ster
229 1202 273 1252 lib.
288 1205 326 1261 18,
341 1205 355 1249 b
369 1197 459 1261 [taleae
471 1213 590 1248 numerat
602 1199 700 1262 capitis.
718 1199 800 1260 Lege:
814 1205 854 1259 18,
868 1202 890 1258 7,
906 1205 945 1258 10,
959 1196 1015 1259 52]1
1032 1198 1161 1247 Frumento
1177 1199 1250 1248 bieme
1265 1201 1290 1249 in

168 1285 240 1335 terto
251 1292 312 1345 arnt,
329 1299 400 1333 uano
413 1291 513 1345 tempore
522 1281 678 1345 fastigantur
694 1281 719 1328 in
735 1280 855 1345 ctipulam.
874 1281 979 1332 Ovidius
992 1289 1051 1332 mot.
1066 1280 1102 1344 [5,
1115 1282 1190 1346 482]ι
1205 1284 1291 1347 primic

168 1377 255 1434 ceyetec
265 1367 397 1416 moriuntur
411 1366 436 1414 in
453 1365 538 1414 herbis.
556 1367 625 1415 idem
637 1363 674 1427 [8,
687 1363 762 1426 290]:
779 1371 867 1430 nepetae
879 1363 1005 1430 proculcat
1020 1365 1045 1414 iu
1057 1365 1135 1416 terta
1153 1369 1290 1432 1111111111-

168 1455 237 1504 atola
246 1453 345 1504 Paridis
359 1449 413 1513 [11,
425 1454 483 1500 261.
501 1451 580 1513 Apud
591 1451 699 1500 Merkel.
712 1457 751 1500 111
762 1449 822 1500 Her.
837 1448 893 1511 16]1
909 1457 932 1498 11
948 1447 1026 1499 adbuc
1038 1458 1079 1499 tua
1090 1451 1171 1500 mecon
1182 1452 1207 1500 in
1219 1451 1291 1501 berta

169 1545 211 1586 cot.
228 1537 298 1586 Men.
311 1536 378 1587 Gud.
391 1542 417 1584 et
428 1535 511 1584 Acad.
523 1542 557 1582 eet
568 1533 593 1582 in
604 1533 680 1583 colore
692 1534 718 1583 in
730 1532 802 1583 berto
813 1533 836 1582 ci
846 1541 935 1599 nepetae
947 1533 995 1583 late
1006 1535 1114 1585 nirenta.

204 1619 258 1682 [21,
272 1619 316 1682 90]
335 1617 476 1668 Introducta
487 1618 596 1683 opificum
610 1617 779 1689 turbolQuod
790 1619 826 1668 ibi
838 1620 969 1681 negotium
981 1618 1057 1669 tuerit
1069 1619 1200 1682 opificibus
1213 1623 1292 1672 intro·

170 1705 260 1765 ductio,
275 1706 418 1754 videndum.
436 1705 507 1752 Men.
520 1708 546 1751 et
558 1702 624 1752 Gud.
637 1700 742 1750 inducta.
760 1703 836 1752 Voce.
848 1700 951 1767 indocto,
968 1711 997 1753 ut
1009 1712 1034 1752 et
1045 1704 1222 1754 Academicus.
1241 1705 1292 1756 Sed

170 1797 195 1837 11
206 1788 283 1837 Vuae.
301 1803 364 1837 mcx
381 1784 513 1849 distinguit.
534 1786 625 1848 Itaque
643 1782 815 1834 scribendum:
832 1781 950 1848 cumipse
966 1785 1083 1834 concolori
1093 1803 1176 1855 panno
1191 1788 1292 1852 auripa-

170 1880 237 1920 turuc
252 1879 317 1920 occet.
343 1869 444 1919 Inducta
459 1868 569 1932 opificum
591 1869 660 1916 turba
681 1867 758 1916 tribuo
773 1883 825 1915 eam
846 1869 971 1931 aeonibus
990 1867 1119 1932 distinguit.
1147 1871 1203 1921 Etsi
1223 1873 1292 1922 hand

168 1956 284 2018 ignorem
299 1955 429 2017 eleganter
445 1968 547 2017 quoquc
565 1953 613 2001 diei
630 1967 704 2016 posce
723 1952 806 2000 turbae
817 1951 970 2016 dietinpuunt.
988 1953 1040 2003 Sed
1056 1953 1185 2016 praevalet
1200 1957 1292 2005 veterio

168 2040 228 2088 libri
240 2039 383 2089 auctoritas.
402 2038 475 2087 Idam
486 2037 539 2086 fere
550 2038 631 2086 voluit
642 2037 783 2086 Pintianus.

203 2123 269 2173 cir.
281 2123 342 2173 VH.
357 2120 484 2184 [31111]
506 2119 578 2171 (lulue
594 2120 631 2170 rei
645 2118 738 2184 quidem
757 2137 853 2170 caucam
865 2120 951 2184 miror]
970 2123 1046 2172 Voss.
1061 2120 1133 2170 Ouiae
1144 2123 1181 2171 rei
1195 2139 1292 2173 caueam

169 2205 293 2270 nequidem
304 2206 385 2255 miror.
402 2207 487 2255 Unam
499 2206 602 2255 literam
613 2205 684 2254 tolle.

204 2289 258 2354 [ltu
270 2288 331 2352 118]
341 2289 403 2338 Iuba
415 2288 511 2337 minium
524 2288 592 2337 nasci
602 2288 660 2337 etin
673 2286 803 2356 Gamnania
816 2287 903 2351 tradit‚·
911 2288 1072 2352 Hermogenes
1084 2291 1143 2338 etin
1151 2291 1291 2356 Aethiopia]

169 2376 293 2438 Academ.
307 2389 366 2422 cum
378 2373 444 2423 cue.
457 2381 483 2422 et
494 2373 564 2422 Men.
578 2370 653 2420 uadit
665 2380 688 2420 et
698 2372 791 2436 maana
802 2372 827 2420 in
838 2371 976 2436 Aethiopia.
994 2374 1070 2423 Voce.
1088 2373 1164 2422 tradit
1179 2375 1293 2440 emopinca

169 2461 194 2508 in
205 2457 344 2521 Aethiopia.
354 2453 460 2507 ‘Scribez
477 2464 499 2504 et
515 2456 540 2504 in
555 2454 687 2505 Carmania
702 2456 771 2504 nacci
786 2453 870 2516 tradit,
893 2455 1033 2519 Timapenee
1049 2455 1074 2504 in
1085 2457 1222 2522 Aethiopia.
1239 2460 1292 2510 No-

170 2543 247 2593 bilem
264 2542 391 2591 rhetorem
408 2546 433 2589 et
443 2538 597 2590 'hienricum
609 2540 824 2601 Alexandrinum,
842 2540 926 2590 Asinii
937 2541 1062 2591 Pollionis
1077 2544 1292 2607 contubernalem,

169 2627 290 2689 intellige.
308 2625 380 2676 Idem
396 2625 487 2688 reperit
502 2625 529 2674 in
540 2639 587 2673 nuo
599 2624 686 2674 codice
696 2624 841 2674 Pintianue:
858 2625 902 2675 ned
913 2626 981 2676 male
997 2626 1156 2676 scribendum
1168 2629 1293 2680 coniectat
1367 2620 1370 2625 ’

170 2712 229 2760 inda
244 2709 360 2759 Timaeus.

205 2792 268 2856 [Ib.]
287 2793 327 2843 Nc
343 2791 436 2841 modum
453 2789 575 2841 excederet
585 2791 673 2843 LXX
682 2791 707 2841 in
719 2791 805 2856 librae]
824 2795 900 2845 Voce.
918 2794 986 2846 H-s.
998 2795 1086 2846 LXX
1100 2796 1126 2845 in
1141 2797 1222 2848 librae.
1242 2801 1292 2849 hoc

163 2885 218 2937 111,
231 2879 371 2928 sertertium
384 2879 515 2926 nummum
527 2877 694 2939 septuaginta.
852 2918 856 2923 .
1158 2921 1160 2929 ,

205 2959 269 3010 Cer.
282 2961 329 3012 IX.
348 2959 401 3023 [45,
417 2958 476 3021 129]
500 2958 533 3008 Ut
548 2957 585 3007 vel
601 2975 646 3007 uno
662 2959 765 3008 intuente
776 2959 881 3023 populun
897 2961 992 3010 totidem
1009 2962 1137 3025 imaginum
1146 2965 1210 3028 fiat]
1229 2971 1292 3019 Pur.
1386 2944 1388 2950 Ι

171 3052 318 3106 gementum
333 3047 475 3094 calcaverat
487 3043 628 3105 Pincianus,
647 3058 726 3106 quum
741 3045 878 3107 legendum
893 3045 960 3094 forte
973 3047 1092 3095 scriberet
1104 3048 1222 3111 poculum,
1239 3067 1292 3103 non

168 3127 277 3192 populue.
296 3130 376 3190 Quasi
387 3130 516 3178 docendae
529 3136 595 3178 11111
607 3124 637 3174 τὸ
653 3126 755 3190 populun
766 3129 896 3191 eleganter
906 3138 952 3192 pro
965 3130 1057 3191 quovis
1074 3131 1169 3181 maiore
1185 3149 1291 3186 numero

171 3220 216 3261 aut
232 3214 394 3263 multitudine
410 3213 480 3276 poni.
499 3213 536 3262 At
552 3212 615 3274 legit
631 3213 699 3274 apud
715 3212 784 3261 bunc
799 3213 885 3276 ipsum
903 3213 948 3262 lib.
965 3219 1006 3274 ³5,
1024 3220 1039 3262 2
1057 3211 1094 3275 [2,
1111 3212 1152 3275 e]=
1172 3224 1199 3264 ut
1217 3229 1293 3268 essent

171 3295 298 3359 inopinos,
315 3313 375 3360 quoe
391 3296 560 3345 comitarentur
575 3293 697 3360 gentilicia
706 3296 814 3358 funcra,·
835 3311 971 3360 semperque
991 3295 1100 3360 defuncto
1115 3297 1209 3361 aliquo,
1232 3308 1292 3349 totus

171 3376 258 3427 aderat
266 3379 451 3441 sandidedun,
464 3379 505 3442 qui
516 3380 718 3442 unquamfuerot,
727 3378 836 3444 populun.
855 3382 934 3446 Apud
944 3382 1064 3433 Ouidium
1076 3383 1094 3432 1.
1105 3388 1128 3432 6.
1143 3381 1218 3445 [vere.
1230 3384 1290 3447 198]
1383 3417 1392 3426 -

171 3472 231 3512 met.
248 3463 331 3514 Niobe
344 3463 457 3528 populum
473 3471 582 3512 notorum
599 3478 693 3512 cuorum
711 3466 832 3529 appellat.
850 3469 884 3517 111
896 3467 1080 3530 quinquaginta
1090 3469 1156 3517 filios
1168 3469 1291 3520 Artaxer-
1365 3479 1367 3483 ⁴
1404 3461 1410 3465 ’

171 3548 211 3600 xie
223 3546 336 3611 populum
353 3548 466 3613 appellat
482 3549 584 3610 Trogus
600 3550 739 3613 Pompeiae
755 3551 800 3600 lib.
815 3558 853 3601 10.
867 3549 934 3615 [cap.
949 3558 971 3601 1.
984 3554 998 3614 ξ
1012 3549 1047 3612 6]
1072 3552 1169 3603 Seneca
1185 3567 1224 3618 ep.
1244 3560 1291 3605 105

173 3628 226 3693 [7]1
242 3639 269 3680 ut
283 3630 448 3695 garrulitatem
465 3647 533 3680 cuam
545 3630 662 3681 custodiat
673 3641 696 3681 ct
706 3642 824 3683 contentus
835 3636 867 3684 sit
877 3635 947 3683 uniuo
957 3635 1064 3695 auribus,
1077 3634 1191 3699 populum
1201 3639 1290 3701 faciet.

171 3716 198 3764 id
209 3723 255 3776 111,
267 3718 361 3767 multoe
373 3719 497 3767 conscios.
511 3717 562 3768 Ubi
574 3732 659 3766 11111111
671 3718 776 3768 insuave
785 3717 894 3782 poculum
905 3721 994 3770 miacet
1005 3720 1146 3770 Pintienus.
1168 3721 1219 3772 Sed
1231 3724 1291 3772 huic

172 3814 224 3862 quo
240 3800 272 3849 de
288 3803 386 3864 agimus
402 3803 461 3852 loco
478 3803 541 3850 nihil
559 3802 779 3864 congruentiora
794 3805 888 3853 tuendo
905 3811 930 3853 11
946 3805 1104 3867 illuatrand0‚
1121 3820 1198 3868 quam
1214 3807 1290 3856 verba

172 3883 282 3934 Senecae
294 3884 337 3935 lib.
352 3892 374 3936 1.
386 3894 438 3936 nat.
451 3901 475 3949 q.
489 3890 503 3934 5
519 3883 571 3946 [t]:
590 3883 654 3936 Sunt
668 3884 787 3948 quaedam
803 3886 898 3951 apecula
914 3903 943 3936 en
958 3887 1038 3937 multia
1049 3888 1188 3952 minutisque
1199 3907 1290 3955 compo·

171 3966 232 4016 cita:
249 3968 331 4031 quibua
342 3968 365 4017 oi
376 3985 445 4018 unum
458 3967 585 4018 ostenderis
597 3969 719 4032 bominem
733 3969 835 4034 populus
846 3981 955 4036 apparet,
967 3990 1109 4037 unaquaque
1118 3983 1189 4038 parte
1198 3975 1290 4042 faciem
1318 3998 1321 4004 ·

172 4066 240 4098 suam
252 4052 403 4115 exprimente.
421 4053 492 4104 Haec
502 4069 553 4102 cum
564 4053 611 4102 sint
626 4053 749 4104 coniuncto
760 4063 783 4103 et
793 4054 865 4104 cimul
875 4055 998 4119 collocata,
1015 4057 1165 4108 nibilominus
1180 4058 1292 4110 reducunt
1304 4069 1354 4116 820

171 4133 357 4201 imaginamur
372 4145 395 4184 ct
410 4153 439 4185 ex
455 4154 500 4186 uno
518 4138 609 4186 turbam
626 4137 738 4202 efficiunt.
765 4137 887 4191 Caeterum
909 4150 1028 4192 catervam
1044 4142 1111 4193 illam
1127 4158 1173 4194 non
1194 4148 1290 4210 cordun-

172 4217 238 4282 dunt,
249 4217 293 4268 ced
302 4218 441 4284 diremptam
454 4221 478 4270 in
487 4221 570 4284 facies
581 4220 688 4286 cingulas
698 4221 840 4275 clamabunt.
