2918 4794
525 285 630 330 uorsa
645 287 689 329 su
704 287 787 328 maa.
804 285 923 328 xxxm.
1245 263 1285 327 81

159 447 289 504 paruaque
310 453 351 487 eus
371 437 403 487 ab
423 435 630 487 innumerabilibus
649 435 706 486 aliis
726 434 751 484 in
771 433 832 485 bunc
847 432 907 485 111111
923 433 1005 484 utras
1031 433 1114 485 Addit
1129 435 1286 486 Numantino

163 523 293 587 triumpho
307 523 455 586 Scipionem
466 521 571 584 singulis
582 521 704 571 militibus
717 521 864 570 donativum
876 528 973 584 septem
989 519 1106 570 denarios
1123 520 1287 570 distribuisse.

164 607 319 668 Confirmat,
341 608 411 670 quod
429 606 562 657 Pintianus
585 606 706 670 appositis
728 605 810 655 verbis
829 603 940 654 militibus
960 601 1053 655 XVII
1069 601 1106 653 Μ
1121 601 1202 667 pondo
1223 601 1289 652 dedit

164 694 216 743 duo
227 692 273 741 illa
283 691 369 752 rerba,
386 688 465 739 millia
476 688 565 752 pondo,
582 691 609 739 in
621 688 709 738 codice
720 689 826 752 antiquo
838 690 974 746 desiderari
990 685 1100 737 dotavit:
1117 689 1186 751 quod
1203 695 1288 737 tamen

164 790 248 839 neque
265 775 393 826 intellexit
408 774 470 838 ipso,
488 788 571 838 neque
588 781 648 839 post
663 789 720 823 eum
738 775 885 837 quisquam,
904 774 974 836 quod
991 773 1082 834 scum,
1100 781 1145 823 aut
1160 772 1289 823 intellexit

165 869 211 911 aut
222 861 291 912 cordi
303 860 400 910 habuit.
419 858 450 908 In
461 858 530 907 Men.
543 859 625 908 Acad.
638 858 704 908 Gud.
717 858 749 908 X
755 855 810 908 VII
813 855 895 921 pondo
906 856 979 906 dedit.

201 943 262 1008 [In]
274 945 311 994 At
320 944 408 994 Liuius
419 941 516 992 &usus
532 942 557 992 in
574 943 693 992 tribunatu
701 941 779 1007 plebis
790 940 840 992 XI
847 939 937 1004 millia]
955 941 1034 993 Voss.
1045 941 1081 990 Ar
1092 942 1188 992 Minue
1199 940 1288 995 Livius

165 1031 190 1078 in
207 1029 327 1080 mennam
339 1027 402 1092 pleb.
415 1028 452 1078 X.
470 1029 502 1079 In
512 1027 588 1078 Livio
601 1036 626 1078 et
638 1027 735 1079 Seneca
751 1041 853 1091 quoque
871 1027 1016 1077 notavimus
1033 1028 1105 1077 illam
1121 1027 1288 1078 mutationem

166 1115 215 1164 loci
227 1113 366 1164 nominum.

201 1197 258 1262 [50,
277 1195 336 1259 143]
354 1195 461 1260 Lepatoe
478 1192 713 1261 Ourtbopinensium]
732 1196 808 1246 Voss.
824 1192 1063 1259 Cartbapiniensium,
1081 1203 1110 1244 ut
1126 1195 1217 1260 optimi
1233 1196 1288 1257 qui-

166 1298 216 1346 que
227 1282 286 1332 libri
298 1296 405 1346 temper.

185 1410 187 1415 ⁴
200 1363 264 1428 [m]
282 1365 391 1415 Paterna
402 1380 492 1429 quoque
502 1373 571 1430 pente
583 1363 678 1430 pulsum
690 1362 755 1428 quod
764 1362 839 1426 XII]
858 1365 928 1415 Men.
941 1372 967 1414 et
979 1364 1046 1415 dud.
1061 1371 1210 1429 paternaque
1220 1369 1289 1428 pente
1302 1367 1348 1412 821

165 1448 317 1515 appellatum.
336 1451 412 1500 Voss.
426 1458 576 1514 paternaque
591 1459 659 1516 pente
673 1448 786 1514 pellitam.
810 1450 929 1514 intellige
940 1449 1062 1500 Pellitum
1075 1449 1192 1510 Sardum,
1209 1457 1238 1498 ut
1256 1450 1289 1499 ad

165 1536 266 1585 Livium
279 1533 333 1598 [23,
344 1541 387 1596 ld,
399 1532 427 1596 3]
440 1536 593 1586 monuimus.

201 1616 254 1680 [51,
269 1617 328 1681 144]
347 1619 398 1668 Aut
412 1617 519 1669 Deliam
529 1618 605 1683 specie
613 1620 719 1683 faceret,
736 1618 779 1668 sed
788 1620 892 1670 Ρωιὶω.
909 1618 976 1670 Idem
993 1628 1015 1669 et
1026 1617 1189 1682 aureosfecit]
1207 1621 1288 1672 Acnd.

165 1704 235 1754 Men.
248 1712 274 1754 ot
285 1704 351 1754 Gud.
364 1702 407 1752 sed
419 1705 510 1768 punica
527 1702 608 1752 eadem
620 1711 643 1752 et
654 1720 746 1755 aureos.
770 1706 845 1755 Voss.
857 1702 901 1753 sed
910 1704 1047 1754 Punicana.
1065 1701 1159 1753 Eadem
1171 1711 1194 1752 et
1205 1719 1289 1754 aureos

158 1787 229 1850 fecit.
248 1786 338 1839 Cicero
350 1804 397 1852 pro
408 1791 533 1838 Muraena
547 1785 600 1849 [36,
614 1785 669 1848 76];
686 1788 773 1836 stravit
784 1787 903 1852 pelliculis
920 1787 1030 1836 haedinis
1047 1786 1141 1836 lectulos
1153 1786 1289 1836 Punicanos

166 1880 189 1920 et
199 1871 306 1936 esposuit
317 1888 377 1921 vasa
389 1871 482 1922 Samia.
500 1873 620 1923 Valerius
632 1874 761 1922 Maximus
774 1873 818 1922 lib.
833 1860 856 1933 7,Ι
871 1879 893 1923 l.
913 1870 964 1933 [est
979 1873 1068 1921 vitium
1085 1873 1112 1920 iu
1128 1885 1234 1920 numero
1247 1886 1288 1921 cn·

166 1957 239 2020 pitis;
252 1957 324 2006 locus
336 1958 429 2020 legitur
442 1961 465 2018 t,
479 1963 502 2018 b,
517 1954 556 2018 l]:
570 1953 665 2005 lectulos
675 1955 814 2005 Punicanos
823 1954 925 2019 pellibus
937 1953 1046 2004 haedinis
1057 1954 1144 2005 stravit
1158 1962 1181 2002 et
1189 1970 1235 2018 pro
1247 1970 1288 2002 ar-

164 2041 329 2103 portassetis
341 2040 428 2091 Samia
439 2041 552 2104 esposuit.
571 2041 614 2092 Sic
626 2055 728 2105 quoquo
740 2041 852 2091 Pintiani
864 2043 954 2090 codex.

200 2123 329 2188 [52146]
348 2124 419 2175 Aridi
432 2141 478 2174 sua
493 2125 606 2174 memoria
622 2133 726 2189 coeptum
738 2123 872 2175 Fenestella
884 2123 953 2186 dicit]
972 2126 1048 2176 Voss.
1066 2125 1181 2175 ultimam
1198 2137 1287 2174 vocem

166 2209 236 2259 iubet
247 2211 343 2260 induci:
355 2209 448 2260 sufficit
459 2212 527 2259 enim
538 2211 702 2260 antecessisse
715 2207 799 2260 tradit.

201 2291 255 2355 [53,
271 2292 330 2356 147]
349 2293 402 2344 Nec
411 2293 480 2357 copia
490 2301 579 2343 tantum
588 2292 683 2357 arpenti
683 2292 764 2356 fuerit
773 2292 844 2355 vitae,
856 2291 899 2342 secl
907 2290 1010 2342 validius
1015 2308 1095 2359 paenq
1102 2293 1286 2358 manupretium]

166 2380 243 2429 Voss.
257 2378 307 2427 nita
319 2387 344 2428 et
356 2377 513 2441 manipretiis.
536 2377 613 2438 Quali
630 2394 663 2428 ex
679 2378 801 2441 scriptura
814 2379 972 2439 ciacconius,
984 2379 1062 2427 immo
1074 2378 1218 2428 Pintianus:
1236 2378 1289 2429 Nec

168 2462 238 2528 copia
251 2471 340 2511 tantum
353 2461 535 2525 arpentifuruit
547 2462 605 2522 nita,
617 2460 662 2511 sed
672 2460 774 2511 validius
782 2478 860 2526 paene
871 2461 1034 2526 manuspretiis.
1051 2463 1141 2512 Placet
1152 2464 1288 2524 sententia3

166 2562 219 2597 non
231 2547 375 2596 obsoletum
389 2547 453 2596 illud
457 2546 547 2609 furuit.
565 2546 657 2596 Malim
661 2547 749 2610 furere
760 2545 813 2596 mei.

201 2628 255 2692 [53,
272 2629 331 2693 148]
356 2629 397 2683 VI
404 2629 506 2680 millibus
522 2630 634 2680 sesmttis
646 2630 790 2696 ineinpulas
802 2632 878 2683 libras
889 2649 950 2682 vasa
961 2640 1040 2696 empta
1052 2629 1171 2694 babuisse]
1189 2633 1290 2682 Locum
1387 2634 1393 2648 ⁸

166 2718 234 2766 hunc
246 2718 354 2766 mendae
366 2726 513 2781 suspectum
524 2730 578 2768 esse
591 2718 617 2767 in
629 2719 740 2768 dictione
755 2734 815 2767 vasa
827 2734 861 2768 ex
872 2719 977 2781 antiquo
990 2720 1076 2769 scribit
1088 2719 1208 2768 Budaeus
1219 2718 1289 2768 lits

167 2799 204 2865 [p.
215 2800 285 2864 369]
305 2795 394 2852 Credo
402 2804 532 2866 equidem:
542 2818 601 2853 nam
610 2803 687 2854 Voss.
697 2804 818 2865 Pintiani,
832 2804 898 2854 Gud.
910 2805 992 2855 Acad.
1001 2804 1071 2854 Men.
1084 2818 1222 2857 consensu:
1235 2818 1289 2852 eun·

166 2883 218 2933 dem
230 2885 296 2936 Iul-S.
317 2884 359 2935 VI.
372 2886 397 2934 in
409 2885 515 2950 sinqulas
528 2886 602 2935 libras
613 2903 662 2936 una
673 2887 787 2951 emptalia
798 2888 913 2938 babuisse.
931 2889 1013 2952 Lege:
1029 2887 1126 2938 Constat
1141 2887 1238 2938 eundem
1254 2903 1290 2936 se·

166 2970 271 3018 stertirim
282 2986 323 3019 sex
336 2969 435 3019 millibus
447 2971 471 3018 in
482 2968 589 3034 sinpulas
601 2968 677 3018 libras
692 2987 741 3019 una
758 2970 898 3025 emblemata
909 2971 1024 3022 babuisse.
1043 2972 1133 3022 Cicero
1146 2973 1190 3021 lib.
1203 2977 1219 3019 4
1233 2967 1291 3032 [17]

167 3055 194 3102 in
206 3055 322 3105 Verrem:
339 3053 506 3119 scaplianum
523 3052 673 3104 emblematis.
690 3034 725 3104 lit
739 3052 796 3117 [21]
811 3054 952 3105 thuribulum
968 3054 1051 3104 arrabo
1064 3055 1207 3104 emblemate.
1225 3056 1292 3104 Item

169 3136 226 3200 [22]
240 3138 287 3188 dua
298 3140 385 3204 pocula
401 3156 447 3188 non
463 3155 560 3203 acapna,
577 3146 726 3187 veruntamen
738 3155 789 3188 cum
802 3138 951 3188 emblematis.
968 3142 1003 3189 Et
1016 3137 1069 3200 [23.
1082 3137 1173 3200 extr.]:
1192 3137 1221 3186 iis
1238 3154 1291 3186 cru·

167 3232 221 3272 stae
232 3232 254 3272 et
266 3223 405 3273 emblemata
417 3222 579 3274 detruduntur.
596 3225 693 3274 Plinius
706 3227 788 3289 capite
804 3226 918 3288 sequenti
932 3222 984 3286 [55.
1000 3221 1072 3286 156];
1091 3222 1185 3288 Ulysses
1197 3230 1220 3271 et
1230 3221 1292 3272 Dio·

168 3306 246 3357 medes
258 3318 325 3358 eram
337 3309 361 3358 in
370 3308 470 3373 pbialae
482 3306 616 3357 emblemate
627 3307 767 3358 Palladium
779 3308 939 3372 surripientes.

144 3434 147 3439 .
205 3391 260 3455 [5:3,
274 3391 334 3456 150]
358 3392 391 3442 Ut
403 3392 484 3442 liberet
495 3391 607 3457 amplecti
619 3392 680 3442 vitia
692 3400 714 3441 et
726 3392 804 3442 Haeret
813 3391 924 3457 peccare]
943 3394 1001 3444 Hoc
1014 3410 1029 3442 a
1042 3393 1161 3444 Geleuioi
1177 3393 1255 3443 Voss.
1268 3401 1294 3441 ut

169 3493 199 3526 es
211 3476 291 3527 liberet
302 3476 413 3541 amplecti
423 3478 482 3526 vitia
494 3486 517 3526 et
529 3476 615 3529 liceret.
635 3479 731 3539 Scribe,
745 3486 771 3526 ut
782 3487 804 3526 et
816 3477 910 3530 liberet:
928 3489 953 3529 et
969 3480 1004 3531 sic
1016 3480 1184 3530 Academicus
1197 3478 1293 3528 Gudia-

170 3578 275 3626 nusque.
293 3566 363 3614 Meu.
376 3571 446 3626 utque
459 3561 549 3613 liberet.
567 3563 688 3626 Sequitur
699 3565 725 3613 in
738 3565 832 3614 eisdem
846 3572 871 3614 et
882 3565 1006 3614 Pintiaui:
1021 3571 1102 3628 petere
1114 3571 1137 3614 et
1148 3561 1292 3627 dipnatione.

75 3693 83 3706 ,
170 3649 243 3698 Unde
256 3649 439 3706 Perdiuandus‚
452 3648 542 3697 Potare
553 3664 609 3695 aere
621 3646 755 3712 indipnetur
766 3647 804 3719 1ιῂ
816 3648 905 3712 aliquis
918 3657 1030 3698 belaum:
1049 3650 1148 3700 acanus
1160 3659 1186 3699 et
1197 3652 1293 3712 puden·

172 3734 221 3781 tius
234 3733 336 3795 Lipsius
348 3733 392 3783 lib.
405 3738 428 3781 2.
440 3734 523 3782 Elect.
536 3739 560 3782 8.
572 3732 667 3781 Petierc
679 3740 702 3782 et
712 3731 873 3797 eliquationem
886 3731 939 3781 binc
950 3732 1029 3796 aliqui
1039 3740 1153 3781 veterum:
1171 3734 1215 3783 sed
1232 3748 1292 3793 nou,

171 3816 295 3877 rivatim,
308 3818 496 3882 iuterpretatur.
520 3816 584 3866 Vult
596 3818 663 3868 enim
676 3819 799 3881 quosdam
812 3819 890 3867 etiam
901 3833 915 3867 e
928 3819 1016 3881 priscis
1029 3800 1179 3881 dignitatem
1191 3818 1238 3868 sibi
1250 3820 1293 3868 ad·

127 3935 132 3941 .
171 3909 267 3950 struere
288 3910 395 3952 conatos
416 3902 540 3951 electione
557 3902 606 3951 ista
622 3910 648 3951 et
665 3903 767 3952 comosa
786 3917 846 3951 cura
863 3916 993 3962 rasorum,
1011 3903 1077 3951 inter
1094 3917 1158 3965 quos
1174 3903 1293 3953 Marium.

171 3985 268 4048 stege
281 3986 431 4036 electionem
443 3987 518 4036 istam
531 3995 556 4035 et
568 3987 694 4036 curiosam
712 4001 800 4035 curam
816 4001 935 4037 vasorum
954 3988 1037 4050 potius
1050 3988 1176 4037 destruere
1187 3988 1295 4050 dignita·

172 4077 223 4116 tem
240 4071 380 4120 censuerim
393 4086 470 4134 quam
482 4085 586 4134 augere:
604 4072 717 4120 Plinium
734 4079 820 4120 autem
838 4073 928 4133 dicore,
946 4088 978 4121 ex
994 4072 1056 4135 ipsis
1072 4072 1138 4122 vitiis
1155 4081 1211 4122 tum
1225 4088 1294 4136 gras-

172 4154 287 4202 santibus
299 4163 324 4203 et
335 4155 433 4205 insania
450 4157 477 4204 iu
489 4157 555 4206 vasis
566 4156 684 4220 pretiosis
700 4157 876 4220 comparandis
893 4158 1015 4220 quosdam
1033 4157 1080 4207 sibi
1098 4158 1206 4220 gloriam
1223 4174 1295 4223 paru·

1073 4238 1091 4301 6
