2918 4794
175 264 215 328 68
665 287 808 329 anonam

174 451 224 485 cum
236 435 350 500 sanquine
361 442 383 483 et
394 443 506 496 castoreo,
516 435 635 498 quoniam.
653 438 810 487 Dioscoridis
822 440 898 489 verba
909 445 968 488 sunt
979 439 1022 488 lib.
1037 444 1061 500 2,
1074 446 1114 490 26.
1133 436 1250 488 Δολοῦσι
1262 439 1296 489 δέ

174 535 246 577 τινες
256 516 322 568 αὐτὸ
336 516 502 580 deportandi
515 519 532 584 ἢ
546 516 627 581 κόμμι
639 519 865 586 συμπεφυρμένον
878 518 971 583 αἵματι
983 519 1027 570 rol
1038 522 1173 588 καστορίῳ
1184 523 1294 591 ἐγχέον-
1308 573 1316 580 ,

175 620 221 661 τες
232 601 274 660 εἰς
285 599 391 666 φάσσαν
403 600 447 652 nal
460 601 644 670 ξηραίνοντες.
669 606 747 656 Voss.
765 605 924 655 conicientium
940 607 1048 656 cummim
1065 623 1115 656 cum
1127 608 1242 671 sanquine
1254 617 1298 657 aut

175 687 367 736 hammoniacum.
390 688 488 738 Scribe:
507 687 570 750 quod
585 688 660 752 ipsum
677 688 899 752 corrumpisraude
919 689 1090 739 conficientium
1110 691 1223 755 qummim
1245 707 1296 751 cum

174 771 288 835 sanquine
299 779 342 819 out
353 770 530 820 ammoniacum.
552 772 619 822 Num
631 773 750 835 corrumpi
761 775 910 824 mutandum
923 789 974 823 non
987 785 1032 834 est,
1049 791 1126 838 quum
1140 777 1173 824 ad
1185 776 1210 824 id
1222 776 1296 825 intel·

175 855 270 917 ligatur
284 853 360 902 tradit
371 853 469 904 &adue
480 852 672 917 dilipentissimus
684 854 820 905 medicinae.

209 937 263 1000 [16,
281 937 325 1001 27]
348 937 521 1000 Efficacissimi
534 954 547 986 e
562 939 640 988 Ponto
660 938 786 1001 Galatiae,
803 957 857 988 moa
872 939 985 1004 Africae]
1009 942 1099 992 Scribe
1116 958 1174 992 eum
1190 942 1266 992 Voss.
1284 959 1296 991 e

148 1072 151 1077 ,
173 1021 251 1070 Ponto
266 1021 419 1086 Galatibque,
431 1037 486 1070 nou
497 1020 594 1086 Africa.
619 1022 710 1073 Statim
723 1025 844 1074 Vossiani
862 1026 921 1085 dno,
939 1032 964 1074 et
979 1027 1018 1075 bis
1036 1029 1124 1076 eadam
1142 1027 1219 1075 verba
1231 1027 1295 1076 refe-

147 1092 150 1097 *
173 1121 231 1157 rens
242 1107 334 1157 melior
344 1114 510 1155 sternumento.

208 1191 273 1243 Gar.
285 1190 333 1240 1v.
348 1189 401 1252 [14‚
415 1188 459 1252 36]
483 1190 548 1240 Dein
562 1199 618 1254 post
634 1189 726 1254 aliquot
743 1190 793 1241 dies
810 1191 920 1256 vespera]
940 1192 1033 1256 Scripsi
1051 1201 1172 1256 quatuor:
1190 1192 1241 1242 dies
1257 1193 1297 1242 die

173 1291 279 1340 vespera.
297 1277 463 1339 Praecipuus:
476 1272 529 1323 dein
538 1283 595 1339 post
605 1274 697 1338 aliquot
708 1275 759 1324 dies
772 1276 828 1327 bino
839 1293 948 1340 vespera.
965 1278 1070 1326 Dictum
1083 1286 1135 1327 erat
1144 1285 1214 1328 ante:
1227 1277 1296 1328 Haec

173 1359 269 1424 simpulo
281 1368 303 1408 et
314 1359 430 1410 matutina
442 1367 465 1408 et
475 1359 611 1424 vespertina
623 1358 719 1410 dantur.
743 1362 864 1424 Reperies
876 1367 901 1410 et
913 1363 981 1425 apud
993 1362 1148 1410 Pintiannm.

209 1443 262 1506 [14‚
276 1443 320 1506 38]
338 1442 462 1494 Oculorum
474 1459 565 1506 quoque
576 1442 646 1505 vitra]
661 1445 737 1494 Voss.
754 1443 879 1493 Oculorum
892 1443 974 1507 utique'
983 1445 1050 1494 vitia.
1062 1453 1091 1495 nt
1104 1453 1129 1494 at
1139 1446 1260 1496 Pintiani.

210 1527 263 1590 [14,
277 1526 321 1590 39]
340 1527 393 1578 Nec
405 1543 506 1576 convexo
518 1527 617 1575 incurva
629 1526 713 1589 calice]
732 1529 809 1578 Voss.
828 1545 869 1577 mec
887 1544 989 1577 convexo
1005 1537 1103 1579 corvata
1115 1527 1196 1579 calice.
1220 1531 1296 1591 Quod

174 1622 213 1663 est
223 1621 331 1662 curvata.
1262 1591 1269 1607 ἱ

208 1698 273 1749 Cur.
283 1698 316 1748 V.
330 1695 383 1760 [19,
394 1696 438 1759 5³]
455 1694 554 1747 Ooluber
566 1705 600 1746 est
612 1698 636 1766 in
648 1712 713 1760 aqua
721 1696 812 1759 vivens]
833 1697 928 1749 Omnes
940 1699 1063 1761 quinque:
1080 1696 1182 1753 dolabro
1194 1697 1219 1745 in
1230 1714 1297 1761 aqua

97 1838 100 1851 '
176 1782 265 1833 vivens.
284 1783 334 1833 Sed
348 1791 374 1831 et
387 1783 455 1845 quod
466 1783 676 1846 praeceditVoss.
688 1779 755 1830 Idem
765 1780 801 1830 his
810 1781 891 1844 ranis3
904 1783 1007 1832 deinde:
1019 1780 1151 1830 auxiliatur
1159 1797 1214 1830 vero
1225 1781 1296 1830 etium

174 1866 296 1932 ffcaaus
312 1875 353 1916 est.
377 1867 431 1915 Alii
446 1874 566 1930 quatuor:
578 1865 637 1936 Item
650 1866 765 1914 hieronis
778 1865 867 1926 lienem,
880 1874 927 1916 otc.
940 1864 1073 1915 auxiliatur
1084 1865 1147 1916 iecur
1158 1881 1212 1914 vero
1223 1865 1296 1915 etiam

173 1953 304 2016 efficacius.
322 1953 426 2015 Menap.
439 1962 465 2000 et
474 1951 541 2001 Gnd.
555 1966 657 2014 quoque
670 1950 845 2014 efficaciusest
858 1958 884 2000 et
893 1951 1035 2014 Aneegav„
1048 1953 1092 2013 qui
1104 1957 1129 2000 et
1139 1949 1295 1999 auxiliantur.

172 2037 253 2100 Lege:
271 2034 355 2096 Iidem,
372 2034 401 2083 de
413 2033 450 2082 his
462 2035 530 2083 ranis
542 2033 624 2083 lienem
638 2042 721 2083 contra
732 2050 830 2096 venena,
842 2034 975 2097 quaefiant
987 2051 1016 2082 ea
1027 2034 1092 2098 ipsis,
1109 2033 1229 2082 auxiliari
1232 2052 1241 2094 ‚·
1256 2051 1297 2083 cor

173 2137 227 2171 vero
238 2121 310 2169 etiam
322 2118 451 2183 efficacius.
469 2118 518 2167 Est
528 2117 626 2167 colubra
637 2120 661 2167 in
673 2114 739 2182 aqua
750 2118 838 2167 vivens.
855 2118 959 2168 Malunt
972 2127 1057 2168 autem
1068 2127 1164 2170 veteres
1173 2133 1248 2183 saepe
1257 2133 1295 2168 ca-

174 2202 256 2252 labras
267 2219 344 2267 quam
356 2203 469 2253 colubros.
492 2203 535 2253 Sic
546 2203 612 2254 inira
624 2217 679 2268 cup.
694 2206 706 2253 7
722 2202 775 2265 [26,
790 2201 848 2264 82]=
867 2201 992 2268 Euhydris
1004 2210 1102 2252 vocatur
1113 2220 1130 2250 a
1145 2202 1247 2254 Graecis
1258 2218 1295 2251 co-

173 2287 241 2336 lubra
253 2288 279 2336 in
290 2305 355 2351 aqua
366 2287 452 2336 vivens.
471 2287 513 2338 Sic
527 2289 645 2350 Pintiani,
656 2288 768 2349 chisen,
779 2296 888 2352 quatuor
902 2290 990 2338 nostri.
1004 2303 1057 2351 cap.
1072 2294 1086 2337 9
1101 2285 1154 2348 [33,
1169 2285 1229 2349 104]
1242 2302 1296 2337 nan

173 2373 255 2434 aliter,
268 2371 396 2435 aquaticae
408 2371 525 2421 colubrae.
544 2371 621 2420 Iidem
633 2381 696 2436 puts.
709 2371 808 2421 tradunt
819 2379 933 2420 auctores.

206 2457 271 2507 One.
283 2458 331 2506 VI.
345 2456 398 2519 [21‚
413 2455 456 2518 69]
479 2454 567 2505 Contra
579 2455 665 2520 leporis
677 2456 766 2505 marini
776 2472 865 2505 venena
876 2464 899 2504 et
914 2464 993 2505 ostrea
1005 2453 1168 2504 adversantur.
1187 2453 1247 2503 Item
1260 2455 1295 2503 vi-

173 2539 252 2602 detur]
272 2542 385 2590 Verbum
398 2543 517 2591 ultimum
533 2556 586 2590 non
601 2542 698 2591 habent
709 2542 784 2590 Voss.
798 2541 898 2590 chiflet.
910 2541 1022 2591 Pintiani
1040 2541 1129 2599 codex,
1147 2540 1191 2602 qui
1207 2552 1296 2588 amnes

173 2627 258 2685 etiam,
271 2632 299 2673 ut
311 2633 336 2674 et
348 2626 392 2674 alii
404 2626 483 2674 nostri
495 2632 611 2687 quatuor,
625 2623 692 2672 idern.
715 2624 790 2674 Unde
804 2624 948 2673 Pintianus:
960 2623 1052 2684 Fidem,
1066 2631 1166 2686 nepotes,
1185 2630 1295 2682 ammam,

175 2709 235 2757 satis
247 2706 334 2756 dictum
347 2714 382 2755 est
393 2706 422 2755 de
434 2705 477 2755 his.
496 2708 649 2768 Elegantius
662 2721 739 2769 qnam
750 2721 817 2756 vere.
835 2708 878 2756 Me
891 2722 992 2770 quoque
1005 2708 1151 2757 offendebat
1163 2720 1244 2770 genus
1255 2708 1296 2756 lo-

173 2792 274 2854 quendi,
292 2790 418 2838 adversari
430 2798 513 2838 contra
527 2805 622 2837 venena.
641 2791 695 2839 Etsi
712 2790 780 2840 hand
790 2791 904 2853 ignorem
915 2792 1000 2841 Plauti
1011 2793 1038 2839 in
1049 2794 1155 2842 Mereat.
1169 2788 1205 2852 [2‚
1214 2796 1238 2850 6,
1250 2788 1295 2850 43]

173 2873 226 2923 nolo
243 2872 371 2923 advorsari
386 2882 450 2922 tuam
467 2871 584 2922 advorsus
599 2873 744 2922 sententiam.
764 2874 814 2924 Sed
827 2875 912 2939 placet
924 2877 1045 2938 coniungi
1056 2876 1208 2940 principium
1220 2875 1296 2924 huius

174 2959 262 3023 capitis
272 2975 330 3008 cum
338 2961 389 3009 fine
399 2959 544 3023 superioris,
554 2960 603 3009 hoc
612 2961 699 3008 mado:
709 2955 743 3006 Et
752 2959 834 3007 cancri
841 2959 929 3007 marini
938 2950 1027 3008 demeti
1034 2960 1159 3009 iuseontra
1169 2956 1296 3023 dorycnion

173 3042 262 3106 efficax
273 3041 378 3103 habetur,
389 3040 542 3106 peculiariter
554 3059 609 3092 vero
621 3051 703 3092 contra
717 3041 802 3106 leporis
814 3044 902 3092 mamni
913 3059 1008 3092 venena.
1027 3042 1062 3091 Et
1074 3050 1153 3090 ostrea
1165 3040 1295 3091 aduersan-

175 3136 212 3176 tur
224 3125 314 3177 iisdem.
332 3126 385 3177 Neo
393 3136 472 3192 potest
483 3127 560 3177 videri
569 3128 629 3176 satis
642 3126 729 3176 dictum
742 3144 791 3176 esse
803 3125 832 3176 de
844 3126 888 3177 his.
1139 3109 1143 3119 Ι

111 3213 157 3257 811
209 3211 262 3274 [21.
276 3210 319 3274 60]
343 3211 423 3269 Quare
438 3213 531 3261 minora
547 3213 571 3261 im
588 3211 644 3261 aliis
662 3210 719 3261 locis
731 3210 891 3275 reperiantur]
911 3213 1043 3274 Nusquam
1057 3209 1087 3259 τὸ
1106 3211 1169 3259 locis.
1193 3213 1295 3276 Andeg.

173 3299 242 3346 Men.
255 3297 321 3347 Gud.
334 3299 357 3344 im
370 3295 430 3345 alios
442 3297 592 3360 reperiuntur
605 3296 713 3359 opacitas
722 3294 838 3359 prohibet.
862 3297 943 3346 Acad.
957 3296 981 3344 in
993 3295 1043 3343 alio
1055 3295 1203 3358 reperiuntur
1214 3296 1295 3358 opaci-

174 3389 212 3429 tas
223 3379 317 3429 inhibet.
339 3382 490 3432 Primarius:
506 3397 581 3429 causa
598 3381 646 3429 ista
661 3379 709 3429 ah'o
722 3397 797 3443 quare
808 3379 902 3428 minora
914 3380 939 3427 in
951 3380 1099 3443 reperiuntur
1111 3379 1220 3442 opacitas
1232 3379 1295 3428 cohi-

174 3465 217 3514 bet.
237 3464 353 3524 Quorum
365 3466 447 3515 solnm
459 3464 550 3514 cohibet
566 3481 598 3516 cx
612 3465 688 3515 Ohifl.
705 3474 834 3515 notarunt.
857 3466 947 3514 Potest
964 3472 1050 3514 autern
1067 3465 1175 3514 edidisse
1192 3472 1294 3512 auctor:

121 3538 123 3542 Α
173 3547 243 3597 Haec
254 3546 347 3597 videtur
358 3565 440 3611 causa,
453 3549 535 3598 insitu
547 3548 595 3598 alio
608 3566 682 3612 quare
693 3549 787 3598 minora
798 3549 956 3613 reperiantur.
984 3548 1097 3612 Opacitos
1114 3547 1204 3597 cohibet
1219 3547 1295 3595 inore·

173 3641 273 3682 mentum
285 3642 307 3680 et
319 3633 417 3682 tristitia
428 3634 505 3684 minus
516 3633 631 3698 adpetunt
642 3633 712 3683 cibos.
730 3635 886 3694 Plinianum‚
899 3641 927 3683 nt
937 3635 1003 3696 qnod
1015 3635 1133 3696 maxime,
1147 3633 1171 3681 in
1180 3632 1227 3680 situ
1236 3631 1294 3682 alio.

174 3719 241 3768 Vide
253 3719 284 3768 ud
296 3719 340 3768 lib.
355 3724 395 3780 21,
408 3724 439 3768 31
455 3716 616 3782 [potius221,
632 3723 671 3779 13,
685 3725 725 3780 45,
741 3716 792 3780 77].

209 3802 262 3864 [21‚
278 3802 321 3865 61]
338 3800 684 3866 Oalhblephoraappellantes]
699 3796 748 3853 Sic'
753 3804 914 3863 Hermolaus,
928 3818 986 3852 curu
999 3811 1073 3863 esset,
1085 3799 1184 3850 collibia
1194 3808 1294 3864 parato.

174 3888 250 3938 Voss.
259 3885 370 3936 ealhbiae
376 3886 492 3951 pharata.
509 3888 643 3950 Andegav.
654 3897 679 3937 et
688 3887 755 3938 Gud.
768 3886 868 3951 collybie
876 3895 975 3951 parata.
994 3887 1076 3937 Acad.
1090 3884 1190 3950 callybio
1198 3891 1294 3946 perata.

80 3968 82 3974 ’
174 3972 278 4036 Menap.
290 3970 382 4021 callibie
390 3980 489 4036 parata.
512 3971 612 4022 Scribe:
629 3969 829 4035 calliblepharum
841 3970 995 4035 appellantes.
1018 3971 1084 4021 Nam
1100 3968 1295 4032 calliblepharum

175 4064 213 4105 est
224 4057 307 4119 ipsum
317 4065 505 4108 ornamentum:
524 4072 574 4122 qno
587 4071 652 4120 quae
664 4056 784 4120 insignita
794 4065 862 4117 sunt,
875 4058 966 4106 merito
979 4054 1139 4121 appellantur
1150 4062 1234 4104 astrea
1245 4051 1295 4101 cal·

176 4137 343 4203 liblepharata.
