2918 4794
168 287 229 349 106
654 309 794 351 enorum

167 459 271 508 marium
291 465 360 521 puto.
389 457 527 508 Salmasius
548 458 792 522 adsensurus.
815 473 847 507 ex
867 459 931 507 libro
952 461 1030 508 veteri
1051 459 1136 509 affert:
1160 469 1182 508 et
1199 461 1287 525 pinque

167 541 261 604 dieique
281 539 377 603 liquoris
398 541 422 589 in
439 540 538 592 Sicilia:
560 543 628 593 iubet
649 551 734 593 antem
752 544 839 593 scribi:
861 542 973 606 Gipnitur
991 551 1013 591 et
1027 542 1182 608 pinquedinei
1197 561 1287 608 quoque

168 624 266 688 liquoris
281 625 306 674 in
323 624 423 675 Siciliae
438 624 608 690 Aqrapantino
618 628 690 691 sonte
705 627 811 691 iryiciens
826 628 909 676 rivum.
932 628 1006 677 Hane
1023 643 1084 678 vero
1101 644 1188 679 vocem
1205 645 1287 693 neque

166 708 267 759 Afranii
283 711 357 759 nauci
373 724 421 759 nee
436 711 521 761 Plauti
538 712 607 760 cioca
624 713 830 774 permutaverim.
855 713 969 761 Primum
991 727 1051 774 non,
1067 714 1088 762 si
1104 729 1120 762 a
1136 712 1176 778 τῷ
1189 712 1287 777 Cupido,

166 802 300 858 postquam
320 796 346 843 id
367 809 447 858 genus
467 796 574 844 mutavit
595 804 619 844 et
638 810 732 844 nomen
750 797 880 858 proprium
898 796 1007 856 factum,
1028 797 1119 846 dicitnr
1137 794 1286 860 Cupidineas,

167 893 223 939 nec,
238 878 258 927 si
271 879 396 942 Apuleius
412 881 486 928 finxit
502 877 579 928 liuedb
595 887 620 928 et
633 877 760 928 iioedineus
777 878 873 941 [iiuada
885 881 991 930 Metam.
1004 886 1028 931 9.
1044 896 1069 944 p.
1083 887 1140 941 222,
1154 888 1195 932 26.
1211 880 1286 940 lam,

168 959 294 1010 bredinens
310 977 362 1012 non
378 961 485 1027 reperi],
505 964 562 1013 ideo
580 972 605 1012 et
620 965 732 1014 Plinium
745 962 916 1028 pinquedineus
933 981 948 1014 a
961 963 1082 1027 pinpuedo
1098 966 1190 1016 dixisse
1208 967 1287 1014 oredi-

167 1046 255 1095 derim.
276 1047 345 1096 Dein
359 1045 524 1112 pinyuedinern
540 1063 671 1112 nunquam
689 1049 784 1098 dixisse
801 1050 914 1099 Plinium
925 1056 1031 1112 apparet
1041 1065 1074 1098 ex
1086 1064 1124 1109 eo,
1141 1051 1219 1112 quod,
1232 1050 1286 1098 ubi-

167 1145 276 1193 cumque
291 1132 400 1181 antehac
412 1147 442 1181 ea
453 1148 504 1181 vox
516 1133 656 1194 legebatur,
667 1133 695 1182 in
706 1133 854 1183 melioribus
866 1133 1074 1196 libris'repertnm
1087 1141 1125 1182 est
1135 1131 1284 1195 pinquitudo.

167 1213 222 1264 Nec
242 1217 322 1278 magis
343 1216 410 1280 capit
430 1216 571 1266 Ulitienum
592 1216 685 1279 vivique
706 1215 804 1279 liquoris
823 1233 853 1264 ac
873 1215 928 1282 olei.
959 1218 1046 1268 Nostri
1067 1225 1128 1266 tres:
1151 1224 1174 1264 et
1193 1216 1288 1280 pinquis
1362 1270 1365 1275 ,

169 1297 266 1362 liquoris
282 1299 307 1348 in
322 1299 420 1361 Sicilia,
438 1308 466 1350 ut
481 1315 515 1350 ex
530 1302 594 1351 Mss.
611 1302 759 1351 iamdudum
775 1303 807 1351 ad
824 1302 966 1364 marginem
977 1303 1089 1365 ponitur.
1114 1301 1232 1364 Optimus
1244 1300 1287 1348 hie

168 1398 214 1434 nos
232 1384 354 1446 destituit,
370 1386 397 1434 in
414 1400 465 1449 quo
480 1387 552 1434 deest
567 1384 658 1434 folium
675 1387 815 1446 continens,
833 1401 899 1449 quae
915 1387 1041 1436 habentur
1059 1388 1091 1436 ab
1108 1386 1183 1434 buius
1200 1386 1289 1448 capitis

169 1465 222 1529 [⁵0,
242 1466 300 1529 176]
319 1467 438 1516 „abenas
453 1484 470 1516 a
483 1467 553 1531 faeie
569 1484 621 1516 eum
637 1468 760 1517 terebinthi
776 1469 857 1517 resina
872 1476 895 1517 et
910 1468 990 1533 lepras
1010 1484 1091 1532 usqne
1112 1473 1144 1519 ad
1162 1471 1289 1532 sequentis

169 1548 435 1613 [56,1ee]siniltina
451 1558 485 1599 est
500 1549 625 1614 ampelitis.
644 1552 746 1601 Vellem
762 1553 834 1613 scire,
855 1552 916 1616 quid
933 1553 1024 1602 tinniat
1041 1552 1215 1603 chifletianus.
1239 1552 1290 1613 Qui

167 1635 189 1684 si
205 1650 263 1685 cum
274 1636 386 1685 Pintisni
402 1635 488 1685 codice
500 1637 662 1696 consentiret,
678 1636 825 1686 seribereme
849 1635 962 1700 qunitur
973 1634 1045 1684 etiam
1059 1635 1149 1699 pinque
1161 1635 1289 1698 tacensque,

168 1716 268 1783 liquoris
280 1718 373 1782 oleaeei,
385 1720 410 1769 in
421 1718 515 1780 Sicilia,
527 1719 696 1784 Apriyentinos
705 1720 789 1783 sontes
801 1719 907 1784 inficiens
919 1720 978 1769 rivo.

202 1803 267 1854 Car.
279 1804 366 1855 XVIL
385 1801 438 1866 [57,
453 1802 512 1866 195]
534 1803 576 1852 Ita
591 1812 617 1852 ut
632 1803 657 1851 in
673 1803 721 1852 sole
737 1803 829 1852 curatio
844 1802 902 1854 bueo
910 1805 969 1868 fiat,
987 1811 1012 1853 ut
1021 1811 1077 1866 post
1087 1819 1129 1852 sen
1141 1803 1213 1852 boras
1224 1819 1291 1866 aqna

167 1886 236 1936 salsa
246 1886 368 1950 abluatur]
392 1889 462 1938 Men.
475 1888 542 1939 Gud.
554 1889 630 1938 Voss.
643 1890 873 1952 Academicusque:
888 1887 941 1950 fiat
957 1895 1048 1951 etpost
1063 1903 1105 1936 seu
1122 1887 1201 1936 boras.
1220 1888 1290 1949 Lege
1366 1881 1370 1892 ’

169 1975 245 2036 igitur
257 1981 283 2023 et
294 1971 429 2022 abluantur.

204 2056 257 2120 [58‚
270 2055 329 2118 199]
353 2056 407 2114 Qua
419 2056 505 2105 circum
514 2055 672 2120 praeducere]
690 2059 871 2121 Delecampius
884 2059 925 2106 hic
936 2066 1010 2107 notat
1020 2057 1109 2106 Persio
1121 2054 1188 2118 [Sat.
1199 2063 1221 2115 5,
1230 2053 1289 2114 117]

170 2144 219 2193 dici
231 2150 344 2191 aretatem
356 2141 512 2200 ambitionem,
528 2157 624 2204 eorum,
641 2144 685 2204 qni
696 2144 807 2192 honores
819 2143 947 2206 petebant,
964 2142 1080 2192 servilem
1093 2149 1118 2190 ct
1128 2140 1289 2190 summissam

170 2229 350 2288 conditionem,
364 2226 494 2287 humilem,
508 2227 642 2276 abiectam.
662 2227 741 2288 Quasi
752 2229 895 2290 respexerit
906 2228 940 2277 ad
951 2234 1054 2287 cretam,
1063 2240 1114 2288 qua
1125 2225 1203 2288 podes
1214 2238 1291 2272 vona-

170 2314 233 2362 lium
248 2320 318 2362 trans
333 2327 403 2361 mare
414 2313 579 2361 advectorum
591 2312 785 2361 denotabantur.
803 2312 841 2361 At
852 2310 951 2359 ambitio
962 2291 1054 2359 rietata
1066 2309 1253 2372 estpetitornm
1266 2308 1292 2356 iu

170 2398 278 2447 eandida
289 2405 357 2460 toga,
369 2397 395 2445 in
407 2411 485 2459 quam
497 2397 584 2446 album
597 2403 666 2445 creta
677 2396 745 2460 apud
758 2396 883 2445 fullonem
895 2397 1008 2446 additum
1020 2402 1080 2445 erat.

205 2481 269 2531 Can.
280 2481 382 2530 XVIII.
400 2479 453 2543 [58‚
466 2478 527 2542 201]
553 2478 743 2529 Cum‘luureatis
750 2480 864 2544 fascibus
881 2479 969 2529 remitti
978 2478 1019 2529 illo
1031 2476 1104 2540 unde]
1126 2477 1210 2528 Acad.
1223 2478 1291 2527 Men.

172 2566 239 2616 Gne.
255 2564 352 2614 remittit
368 2564 414 2613 biis
429 2564 473 2627 pai
487 2563 527 2613 illo
543 2564 647 2613 eretum.
670 2566 747 2615 Voss.
763 2563 862 2612 remittit
872 2562 927 2612 inde
938 2561 978 2612 ilio
990 2562 1094 2612 cretatis.
1120 2563 1220 2614 Scribe:
1239 2567 1291 2608 tan·

161 2648 264 2713 *tumque
279 2665 325 2696 non
340 2665 391 2697 cum
409 2647 524 2697 auream
536 2647 648 2707 fascibus
664 2647 758 2708 remitti,
780 2646 842 2696 unde
858 2645 895 2695 illi
909 2647 1006 2696 cretatis
1020 2645 1120 2710 pedibus
1135 2644 1291 2695 aduenissent.

171 2734 398 2784 Commiseratione
411 2732 626 2794 dignusoptimua
637 2731 779 2792 Pintianns,
798 2746 856 2779 cum
868 2730 964 2794 profert
975 2745 1008 2780 ex
1020 2737 1104 2780 vetere
1116 2729 1256 2795 exemplari
1267 2736 1293 2776 et

172 2818 220 2867 sibi
231 2832 283 2866 non
294 2829 448 2885 magnopere
461 2816 593 2879 displicere
604 2815 698 2865 fatetur
710 2815 812 2863 emeatus
823 2830 870 2878 pro
882 2814 985 2864 cretatis.

533 3012 597 3080 AD
620 3013 740 3080 LIBR.
764 3013 936 3080 XXXVI.

112 3167 158 3211 841
209 3156 273 3206 ΟΔΡ.
284 3156 304 3204 Ι.
323 3153 359 3217 [1,
373 3152 400 3216 2]
419 3154 476 3205 Huc
488 3152 588 3216 illucque
598 3152 737 3218 portantur]
757 3155 833 3204 Voss.
848 3153 892 3202 buc
905 3152 960 3202 illuc
974 3161 1100 3216 portantur
1114 3153 1179 3216 iupa,
1192 3154 1247 3202 sine
1259 3149 1297 3216 τῷ

174 3240 292 3290 montium.
304 3241 404 3290 Deinde
415 3239 491 3302 idem,
504 3238 570 3289 Gud.
581 3246 607 3288 et
615 3240 695 3290 Aead.
705 3238 793 3286 maiore
803 3237 935 3287 etiamnunc
944 3237 1019 3297 venia,
1031 3253 1083 3287 non
1093 3235 1197 3285 omunia.
1217 3235 1296 3297 Quasi

174 3327 269 3376 diceret
279 3327 347 3390 prius
356 3325 420 3374 illud
430 3325 574 3374 excusatius
585 3339 639 3373 esse
650 3330 675 3373 et
683 3324 782 3374 facilius
791 3324 891 3373 veniam
902 3324 1021 3372 invenire.
1035 3325 1103 3372 Men.
1114 3321 1204 3370 maiore
1214 3319 1296 3368 etiam-

174 3425 230 3458 num
242 3409 317 3459 uenia.
335 3409 461 3472 Denique,
474 3416 502 3458 ut
514 3409 602 3469 editur,
615 3423 712 3469 omnes,
729 3424 799 3470 quum
812 3423 863 3456 eum
875 3406 910 3455 ud
919 3406 1028 3472 sriyidos
1037 3414 1162 3470 potueras
1170 3403 1261 3468 petitur
1272 3403 1296 3451 in

174 3492 262 3556 nubila,
279 3508 332 3543 non
345 3500 464 3556 portatur.
482 3491 559 3552 Quod
576 3494 622 3543 etsi
639 3493 730 3542 mirum
747 3507 827 3556 genus
844 3493 965 3557 loquendi
980 3492 1105 3552 videatur,
1122 3498 1207 3539 tamen
1223 3488 1296 3537 etsie

175 3579 219 3628 lib.
233 3583 260 3639 9,
274 3583 306 3627 35
321 3576 379 3640 [b4,
395 3575 466 3638 106]:
483 3575 581 3626 budicus
596 3577 697 3626 manime
712 3577 757 3625 bas
772 3577 844 3628 mittit
858 3577 964 3627 Oceanus
982 3574 1115 3625 interillos
1131 3571 1220 3622 belluas
1238 3569 1297 3619 unies

176 3671 312 3725 tantasque,
328 3679 389 3725 quas
405 3661 519 3723 dirimas,
538 3677 582 3725 per
599 3670 632 3710 tot
647 3661 726 3710 maria
742 3663 868 3723 uenientes,
894 3669 940 3710 tam
959 3660 1026 3725 lonqo
1043 3668 1159 3708 terrarum
1177 3663 1267 3716 tractu,
1284 3671 1297 3701 e

176 3747 248 3796 mutu
262 3746 319 3797 sob's
333 3746 465 3810 ardoribus,
482 3755 553 3810 atque
563 3745 632 3796 Indis
648 3763 740 3810 quoqne
752 3747 776 3796 in
792 3746 885 3796 insulas
897 3754 1022 3810 petuntur:
1034 3753 1057 3794 et
1067 3741 1193 3793 admodum
1203 3740 1297 3804 paucis.

175 3833 219 3882 lib.
240 3840 278 3893 14,
297 3840 313 3883 4
331 3832 368 3895 [5,
381 3830 438 3894 52]ι
456 3847 502 3880 non
517 3831 598 3880 naria
610 3831 666 3895 plus
683 3823 797 3880 moserata
817 3832 923 3893 conferre
939 3830 1071 3890 mercatori,
1088 3827 1175 3878 nonin
1190 3826 1298 3876 Rubrum

177 3914 231 3964 litus
246 3915 382 3965 Indicumue
398 3932 484 3966 maces
496 3917 591 3980 petitas.
609 3918 652 3966 lib.
665 3921 707 3976 30,
722 3923 733 3966 l
752 3913 789 3978 [2,
803 3915 829 3978 9]
849 3915 1001 3964 uoluminibus
1012 3912 1131 3964 Dardani
1144 3919 1168 3960 et
1181 3911 1207 3960 in
1220 3907 1298 3973 sepul·

176 3999 257 4049 ebrum
269 4002 319 4050 eius
331 4002 421 4065 petitis.
444 4001 494 4052 Ubi
511 4001 578 4050 male
591 4002 734 4052 Pintianus:
753 4000 908 4052 uoluminibus
919 3998 1037 4049 Dardani
1053 3997 1078 4047 in
1093 3997 1195 4062 Opprum
1209 3994 1297 4060 petias.

176 4087 210 4135 lit
227 4087 275 4135 hoc
293 4087 338 4135 lib.
351 4094 392 4146 36,
406 4093 420 4136 6
435 4084 471 4148 [9,
485 4083 542 4147 51]=
559 4085 625 4135 Nam
642 4083 668 4133 id
684 4071 774 4148 quoque
790 4085 894 4147 occasii,
911 4092 938 4133 ut
953 4082 988 4131 ad
1002 4081 1133 4144 Aetirbpas
1148 4095 1220 4143 usque
1233 4085 1299 4143 pete-

178 4177 256 4230 retur,
274 4169 444 4234 quod-faoeret
459 4186 591 4220 marniorn:
611 4170 681 4218 immo
696 4185 752 4218 uero
768 4169 838 4219 etiam
854 4169 879 4219 in
895 4167 976 4219 Indos.
998 4166 1059 4216 unde
1079 4164 1226 4231 maryoritas
1242 4179 1299 4226 quo·
