2918 4794
507 315 611 357 nonan
628 315 671 356 Aa
686 315 769 356 arna.
785 315 854 355 xx1.
871 315 953 354 xxn.
1250 295 1289 358 31

171 469 221 518 Th.
234 469 383 518 Reinesium
395 466 458 517 Vas.
470 467 527 516 lect.
541 473 566 527 ³,
581 472 620 516 10.
638 473 663 515 et
679 466 752 530 epist.
764 471 806 515 el.
824 466 856 514 ad
869 464 944 529 Casp.
957 463 1142 526 Holmannum,
1158 465 1224 529 Aeg.
1236 467 1291 517 Me-

170 553 272 615 nagium
289 553 316 599 in
328 550 531 613 exquisitissimis
544 550 696 612 Originibus,
715 550 757 613 qui
775 550 821 598 viri
838 548 1045 612 praestantissimi
1063 564 1151 599 omnes
1167 558 1193 599 et
1208 552 1290 601 multo

170 637 261 700 plures,
279 649 358 698 quum
369 633 470 697 aliquid
485 633 595 683 scribant
611 635 662 682 hnc
678 633 753 683 facile
768 633 860 693 ferens,
877 648 932 683 non
948 641 1006 682 sunt
1024 635 1078 684 ansi
1096 642 1182 683 tamen
1198 636 1289 694 dicere,

170 721 238 783 quod
254 734 342 769 rerum
362 726 438 782 puto,
458 716 587 766 aaarlatum
608 733 642 767 ex
660 716 772 768 Galatica
793 733 848 768 esse
868 719 976 780 flexum;
1003 719 1048 767 sed
1069 733 1102 767 ex
1122 733 1174 767 una
1193 719 1291 782 vulgari

170 805 257 866 lingua
272 805 299 852 in
316 804 421 853 alteram
442 803 469 850 id
485 799 652 862 transierunt,
674 816 752 864 quum
773 816 862 851 omnes
882 803 999 864 vulgares
1020 803 1162 865 acceperint
1178 819 1191 853 e
1207 804 1290 852 Latio.

170 888 296 938 Nimirum
314 887 361 936 etsi
378 885 443 936 haec
460 896 539 948 grana
555 900 608 934 non
624 901 677 934 uno
695 885 743 935 sub
761 887 835 935 coelo
856 887 1025 950 provenirent,
1045 887 1187 949 praevaluit
1206 894 1292 936 minen

174 971 299 1021 Galaticus
314 986 405 1031 coccus,
426 977 451 1019 et
471 971 571 1034 saepius
589 969 740 1034 appellatur.
767 971 866 1021 Plinius
883 972 928 1020 lib.
947 976 970 1031 9,
983 975 1011 1018 41
1034 967 1174 1032 [65,141]:
1195 967 1291 1019 &acuat

173 1055 288 1106 Galatiae
308 1055 392 1102 rubens
411 1069 512 1117 prauum
533 1061 576 1102 aut
595 1053 660 1102 circa
676 1037 812 1103 Emeritam
829 1054 973 1103 Lusitaniae
993 1054 1018 1102 in
1039 1055 1145 1104 maxima
1162 1053 1232 1104 laude
1249 1064 1290 1107 est.

171 1141 240 1189 idem
252 1140 295 1188 lib.
310 1143 349 1200 16,
361 1145 375 1189 8
387 1135 440 1200 [ta
453 1136 509 1199 32]r
525 1136 610 1187 Omnes
622 1145 699 1186 tamen
711 1138 761 1186 eius
773 1136 837 1187 dotes
849 1137 897 1187 ilex
907 1138 957 1188 solo
967 1146 1082 1203 provocat
1093 1155 1166 1189 cocco.
1181 1139 1290 1190 Granum

170 1224 213 1273 loc
226 1224 351 1287 primoque
366 1237 407 1271 ceu
422 1222 513 1271 scabies
522 1221 624 1285 fruticis
639 1238 730 1285 paruae
742 1221 874 1286 aquffaliae
885 1221 960 1272 ilicis:
978 1221 1108 1272 cusculeam
1121 1233 1217 1275 vocant:
1232 1241 1290 1288 pen.

169 1309 256 1355 sionem
268 1306 367 1356 altaam
387 1305 470 1356 mauri
482 1307 627 1371 pauperibus
638 1306 761 1371 Hispania
773 1306 860 1358 donat:
876 1306 983 1372 pipnitur
994 1316 1017 1356 et
1029 1307 1053 1357 in
1068 1307 1178 1369 Galatia,
1194 1309 1290 1372 Africa,

168 1391 274 1452 Pisidia,
290 1389 381 1440 Gilicia.
400 1393 451 1442 Ubi
464 1392 516 1456 sig.
528 1392 649 1443 Gelenius
661 1393 734 1456 quasi
746 1408 780 1442 ex
792 1391 920 1442 anculiato
931 1391 1060 1442 scarbrtum
1072 1393 1168 1444 lactum
1180 1396 1289 1444 coniicit.

171 1478 344 1535 Tertullianus
357 1479 387 1527 de
399 1477 481 1541 pallio
494 1492 549 1541 cap.
563 1484 585 1527 4.
604 1476 697 1526 latioris
706 1493 831 1541 purpurae
840 1476 939 1526 ambitio
951 1485 973 1525 et
987 1475 1096 1528 Galatici
1105 1479 1197 1528 ruboris
1208 1495 1290 1543 super.

169 1561 242 1610 iectio.
265 1561 435 1624 Symmachus
450 1563 494 1612 lib.
507 1569 530 1612 3.
549 1577 588 1626 ep.
601 1569 642 1612 25.
659 1561 724 1626 quod
740 1561 937 1611 remunerandam
955 1579 991 1611 me
1008 1562 1037 1612 de
1052 1562 1154 1615 Galatia
1162 1563 1289 1628 polliceris.

168 1647 217 1695 Ubi
238 1653 337 1696 aestuat
352 1646 464 1707 Iuratus,
488 1655 514 1696 et
531 1647 695 1710 depravatum
711 1647 798 1697 locum
813 1655 901 1698 censet
922 1649 1056 1712 signatque
1073 1651 1204 1700 asterisco.
1230 1650 1290 1699 Non

170 1730 235 1778 enim
252 1731 348 1780 viderat
363 1731 536 1779 Marinianum
557 1731 591 1780 oh
613 1732 724 1780 subitum
744 1731 792 1780 iter
813 1734 897 1781 hieme
915 1734 975 1781 anni
992 1748 1008 1781 a
1025 1732 1181 1796 Symmacho
1199 1736 1290 1798 petisse

169 1825 249 1864 vestes
266 1817 373 1878 pingues
390 1823 416 1863 et
433 1813 522 1876 frigori
532 1815 653 1878 pellendo
666 1815 779 1875 idoneas,
795 1831 852 1864 cnm
866 1816 1059 1878 pollicitatione,
1072 1831 1099 1866 se
1110 1833 1156 1880 pro
1169 1820 1198 1868 iis
1212 1819 1288 1868 Gala-

169 1900 219 1947 tica
240 1913 318 1948 cocco
341 1899 432 1947 tinctas
455 1899 479 1946 ei
492 1899 657 1947 redditurum.
677 1898 751 1948 Prius
772 1899 812 1948 his
833 1899 915 1948 verbis
933 1900 1081 1963 exponitur:
1103 1900 1216 1951 Amabili
1230 1903 1290 1949 enim

162 1983 259 2045 Jiducia
276 1984 354 2032 usioni
369 1991 423 2030 tuae
436 1981 578 2046 praebenda
594 1981 722 2044 strandasti,
741 1999 802 2046 quae
816 1982 978 2046 pereprinatio
995 1982 1094 2032 hiberna
1105 1987 1224 2048 poscebat.
1248 1987 1290 2036 Sic

169 2070 235 2117 enim
247 2070 392 2132 legendum,
410 2069 454 2117 uhi
465 2066 575 2129 Aufioni,
587 2065 697 2128 Ausioni,
709 2065 809 2128 Ausoni,
823 2065 945 2115 Ausoniae
956 2066 1076 2117 fecerunt.
1099 2069 1136 2118 At
1148 2070 1225 2118 usioni
1237 2078 1291 2119 tuae

169 2163 214 2214 est,
227 2156 252 2202 in
270 2162 341 2203 tuum
359 2168 441 2202 usum.
459 2152 591 2202 Arnobius
608 2151 650 2201 lib.
665 2156 677 2202 t
693 2149 784 2216 [bip.
797 2157 855 2202 298.
868 2151 982 2213 narde,
995 2168 1020 2215 p.
1035 2156 1092 2203 572.
1110 2153 1231 2215 Hildebr,
1247 2157 1289 2218 qui

169 2238 325 2288 Gronovium
342 2253 394 2286 non
411 2244 602 2296 commemorat,
619 2237 672 2286 eius
688 2237 867 2287 emendatione
884 2242 970 2284 nmen
981 2236 1060 2285 allata
1072 2236 1158 2286 locum
1169 2254 1222 2288 uon
1235 2256 1290 2303 per-

168 2330 285 2371 sonatum
301 2320 403 2383 hahet]:
430 2318 514 2369 Colunt
531 2319 591 2368 enim
608 2318 645 2368 dii
660 2320 740 2390 vinpas
757 2327 780 2368 et
795 2317 830 2367 ad
844 2335 901 2367 snas
917 2319 1009 2368 anonas
1022 2322 1147 2371 contractis
1158 2324 1292 2387 exprimunt

169 2405 372 2457 vindemiatoribus
388 2405 474 2453 uinum.
500 2405 551 2454 Ubi
572 2405 646 2453 etiam
668 2412 781 2454 monstra
802 2412 873 2453 erant
893 2405 962 2453 olim.
990 2403 1134 2453 Raebenda
1151 2408 1196 2458 illa
1211 2412 1289 2472 paulo

168 2499 225 2555 post
244 2492 305 2540 dicit
325 2498 398 2538 uestes
418 2497 444 2538 et
460 2487 605 2537 indumenta.
631 2490 762 2539 Posterius
777 2489 846 2550 istis,
867 2504 933 2555 quae
949 2491 1001 2539 iam
1018 2491 1163 2553 posuimus,
1185 2509 1289 2542 remune-

168 2575 267 2624 randum
281 2574 313 2624 'de
328 2573 438 2635 Galatia,
457 2575 500 2624 ubi
516 2572 638 2634 Galaetia,
660 2571 782 2634 Gallacia,
799 2572 903 2622 audacia
922 2574 1042 2637 fingendo
1060 2575 1157 2625 bonum
1174 2579 1289 2627 Iuretum

167 2662 263 2710 irritum
276 2663 426 2709 hahuerunt.
444 2660 613 2722 Praecipuum
625 2659 701 2720 igitur
713 2673 807 2708 nomen
820 2659 889 2708 cocci
898 2658 1008 2710 Galatici
1019 2658 1125 2730 scarleto
1137 2662 1289 2726 appellando

168 2746 267 2794 occasio
285 2745 340 2794 luit.
363 2744 419 2793 Nec
435 2745 545 2793 mutatio
560 2745 587 2792 in
598 2743 676 2792 literis
689 2743 756 2793 facta
767 2744 865 2793 homini
877 2745 903 2792 in
916 2745 1056 2808 originibus
1068 2746 1171 2809 linguae
1182 2749 1289 2798 Latinae

167 2830 325 2877 mediocriter
341 2838 439 2878 versato
461 2830 525 2878 mira
544 2836 629 2892 potest
644 2829 731 2878 videri.
755 2842 814 2878 num
831 2825 861 2876 τὸ
881 2823 904 2876 Σ
919 2831 1006 2880 multis
1023 2833 1155 2882 vocabulis
1172 2834 1198 2881 in
1216 2834 1289 2883 initio

167 2913 343 2976 praeposuisse
354 2913 425 2972 elios,
444 2913 508 2961 alios
521 2913 657 2962 resecuisse
673 2915 772 2963 notarit
784 2914 846 2962 olim
858 2913 975 2976 Angelus
988 2915 1121 2966 Caninius:
1144 2918 1180 2967 sio
1191 2915 1286 2985 γρύτη,

167 2991 280 3060 appii-q,
299 3003 390 3044 scruta:
417 2997 454 3044 sic
474 2993 596 3057 scaldam,
617 2996 748 3061 acclama,
771 2999 843 3061 quasi
859 3012 892 3047 ex
908 2997 1022 3048 calidare.
1048 2999 1139 3050 Sedet
1159 3000 1193 3062 G,
1212 3017 1287 3065 quam

167 3080 242 3128 facile
259 3079 351 3141 migret
365 3081 392 3128 in
407 3076 432 3140 G,
450 3080 576 3130 neminem
592 3083 719 3144 praeterit.
743 3081 841 3132 Canius
857 3091 943 3132 autem
960 3084 1033 3133 litera
1051 3091 1079 3132 ut
1090 3087 1200 3147 gaudeat
1213 3087 1287 3135 inter-

167 3165 235 3228 poni,
253 3179 286 3212 ex
303 3149 414 3225 στύπος,Ι
429 3163 516 3227 stirps,·
538 3158 687 3228 ἄφλαστον,
706 3165 825 3230 aplustre‚·
843 3162 894 3226 tta,
913 3163 981 3222 πέζα
999 3163 1117 3226 ἱματίου,
1137 3185 1194 3229 ονο,·
1212 3166 1285 3226 νοός,

166 3264 252 3309 nurns;
275 3243 451 3311 φραγέλλιον,
466 3246 605 3312 flapellum,
620 3249 709 3314 perdia
722 3249 832 3314 perdura,
849 3249 992 3299 Londinium
1010 3249 1120 3298 Londres
1137 3260 1162 3300 et
1178 3253 1285 3311 Lundra,

167 3333 279 3381 diaconus
295 3331 388 3394 diacre,
411 3332 534 3381 thesaurus
550 3342 630 3397 trecor,
652 3345 677 3386 et
697 3337 807 3399 plurima
828 3337 889 3386 talia
906 3338 1049 3386 ostendunt.
1078 3337 1127 3388 Sed
1147 3348 1171 3386 et
1187 3338 1286 3401 syllaba
1302 3336 1350 3384 tsi

166 3421 253 3480 aliqua
264 3433 352 3466 vocem
365 3419 488 3468 mulctare
500 3427 544 3469 aut
556 3422 705 3470 contrahere
717 3421 840 3471 barbarici
853 3422 903 3471 oris
915 3422 1046 3486 proprium
1059 3431 1104 3472 est.

143 3519 146 3525 ·
201 3502 237 3564 [3,
250 3500 277 3563 4]
304 3501 356 3559 Quo
364 3503 440 3565 frupi
454 3502 552 3552 mundos
568 3504 690 3569 exculpat]
717 3507 823 3555 Mirifice
839 3514 945 3556 vexatus
962 3508 1049 3567 locus,
1071 3522 1147 3570 quem
1165 3517 1245 3558 tentat
1262 3518 1287 3558 et

165 3589 302 3638 Salmasius
315 3589 347 3637 ad
360 3587 477 3638 Solinnm
488 3605 513 3652 p.
529 3593 601 3640 1147.
619 3590 759 3651 Pintianns,
777 3589 856 3653 carpit
862 3590 969 3653 fraqam,
985 3607 1032 3653 qna
1045 3591 1143 3639 mrrndns
1154 3593 1205 3640 sine
1217 3593 1286 3657 cupa

166 3672 293 3720 nonabsit.
322 3672 399 3736 Frupi
413 3671 510 3721 mundos
527 3674 559 3722 ab
574 3674 713 3723 Hermolao
731 3682 780 3724 est:
803 3672 852 3722 His
867 3672 1120 3737 alr'oquisulpentibus
1137 3691 1152 3724 a
1169 3676 1285 3727 Gelenio.

166 3755 215 3804 Ms.
232 3758 312 3805 Acad.
330 3773 376 3819 quo
388 3759 488 3821 frupem
506 3756 590 3806 adoret
607 3755 704 3820 culpant
720 3755 788 3804 ablui
803 3772 846 3804 rnre
864 3754 954 3819 alioqui
964 3757 1105 3822 fulpentius.
1133 3759 1285 3812 Vossianus:

164 3840 294 3904 pnofrupe
311 3840 377 3889 modo
393 3840 436 3890 sed
450 3841 521 3906 culpa
537 3857 582 3889 non
598 3840 665 3890 ablui
679 3856 722 3888 usu
734 3839 824 3903 alioqui
832 3839 971 3903 fulpentius.
995 3842 1159 3906 Suspicabnr:
1178 3843 1252 3894 Stans
1263 3856 1286 3894 ct

164 3923 188 3971 in
205 3924 266 3972 noco
281 3925 366 3988 carpit,
385 3942 430 3988 quo
439 3926 527 3991 frupes
543 3924 624 3973 modo:
645 3923 689 3973 sed
703 3923 773 3988 cupa
788 3939 833 3972 non
847 3922 966 3988 placuisse
977 3926 1042 3976 usui:
1059 3926 1284 3993 alioqaifrupalins

164 4007 252 4056 instrui
258 4015 355 4072 poterat
367 4009 470 4070 luxuria,
482 4016 543 4059 certe
555 4009 705 4058 innocentius.
725 4009 810 4068 Stans,
822 4011 912 4072 inquit,
928 4026 981 4060 non
992 4021 1090 4072 natans,
1103 4014 1179 4075 inque
1191 4015 1282 4076 solido,

164 4101 192 4140 ut
208 4093 296 4154 fruges
313 4095 424 4155 demetit,
441 4096 477 4144 ita
493 4095 573 4158 carpit
588 4095 688 4154 herbas,
707 4095 797 4161 quibus
813 4095 891 4159 Tyria
907 4103 983 4158 atque
1000 4097 1133 4161 conchylia
1145 4114 1282 4164 omnesque

164 4176 229 4225 alios
247 4178 344 4227 colores
361 4180 449 4242 tingat.
472 4179 525 4228 Nec
542 4180 677 4244 quicquam
694 4181 765 4230 abest
776 4187 874 4244 praeter
884 4181 1009 4232 fastosurn
1022 4197 1104 4244 usum,
1117 4198 1193 4246 quem
1206 4200 1283 4249 pones

164 4261 295 4310 arbitrium
315 4272 353 4312 est
373 4271 398 4312 et
418 4279 507 4314 norma
528 4267 604 4314 etiam
626 4265 739 4315 vestium.
766 4266 872 4329 Absque
894 4282 943 4330 quo
965 4266 1042 4330 foret,
1063 4271 1160 4319 minore
1180 4281 1282 4335 sumptu

1441 2326 1455 2349 ἱ
