2918 4794
170 273 211 336 82
661 288 803 340 anonovr
821 352 824 357 Δ

170 445 243 504 visse,
256 445 316 494 dum
328 458 358 492 ea
370 443 419 492 soli
431 447 476 491 aut
487 456 544 491 eum
557 442 644 505 paucis
657 449 833 506 aspernentur:
851 441 886 490 sic
899 440 928 491 O.
941 442 1054 492 Marium
1065 450 1124 507 post
1136 443 1290 495 Cimbricam

170 529 298 578 victoriam
316 542 368 577 non
385 528 411 576 in
428 527 529 590 scyphis
541 527 688 588 Mentoreis,
706 541 758 577 non
770 528 797 575 in
813 541 885 587 auro,
903 528 947 576 sed
963 529 1063 578 rusticis
1079 537 1105 577 et
1120 529 1250 580 servilibus
1264 531 1291 580 in

170 614 298 662 cantharis
315 612 420 673 bibisse,
436 626 519 675 neque
534 612 586 660 hoc
602 612 732 661 sordidum
749 618 851 675 putasse
866 613 996 675 poculum,
1014 628 1065 676 quo
1082 620 1108 662 et
1122 613 1201 663 Liber
1216 616 1292 666 Pater

169 713 240 748 usus:
252 700 320 747 unde
332 705 358 746 et
369 697 438 760 apud
449 698 610 746 educatorem
624 697 677 746 eius
689 697 854 746 dormientem
865 695 947 759 prauis
963 696 1050 744 attritu
1063 695 1182 760 pendebat
1192 698 1290 747 eantba-

77 795 82 803 ·
169 797 210 828 rus
222 795 284 828 unsa
304 778 409 843 [virgil.
421 780 513 842 Eclog.
528 784 550 840 6,
566 778 617 841 17].
636 780 753 829 Valerius
765 781 895 832 Maximus
907 780 949 828 lib.
962 788 986 841 3,
1000 786 1015 830 d
1030 779 1041 842 [
1057 779 1078 842 ].

201 865 266 915 Car.
279 865 341 915 XII.
356 863 408 926 [54,
424 863 482 926 151]
507 863 574 921 Quas
590 863 686 913 induere
702 880 790 913 aureas
806 878 855 912 mos
868 864 946 914 tritior
958 863 1033 927 vetat]
1052 868 1170 917 Andreas
1182 873 1207 916 et
1219 873 1290 915 vetu-

167 952 263 1010 stiores,
275 966 325 998 mos
337 949 433 999 tristior.
452 949 502 1000 Sed
514 959 633 999 neutrum
645 950 708 999 assis
721 957 758 999 est
770 944 853 998 tinius.
876 948 966 1012 Itaque
978 951 1028 999 Th.
1041 951 1175 1001 Reinesius
1186 966 1236 999 mos
1245 967 1291 1014 pa-

168 1035 296 1096 triciorum,
313 1037 360 1099 qui·
373 1035 469 1085 scilicet
485 1037 597 1099 plebeias
609 1035 732 1084 foeminas
745 1035 911 1098 prohibuerit,
928 1050 960 1084 ne
972 1048 1003 1084 eo
1016 1036 1093 1085 luxus
1104 1036 1251 1099 aspirarent,
1266 1044 1292 1084 et

168 1122 306 1170 excluserit
322 1121 376 1170 auri
392 1136 441 1169 usu
457 1121 483 1169 in
501 1121 674 1184 compedibus,
688 1126 711 1169 2.
724 1120 785 1168 Var.
797 1121 854 1167 leet.
870 1123 891 1169 t.
918 1121 988 1169 Men.
1001 1120 1081 1170 Aead.
1094 1119 1160 1171 Gud.
1177 1135 1238 1182 qaus
1255 1119 1292 1167 in-

166 1202 237 1253 duere
248 1221 335 1253 aureas
346 1212 426 1265 uesta,
443 1202 544 1252 uidimus
560 1212 583 1251 et
598 1203 622 1252 in
640 1203 694 1267 ipsu
704 1202 829 1251 Aureliam
841 1203 952 1252 Fuscum.
970 1204 1099 1252 Eximius:
1116 1218 1178 1265 qaas
1194 1200 1291 1251 induere

102 1296 117 1305 “’
167 1306 254 1339 aureus
269 1286 899 1351 1111111111111111111111111111111111νεῖ111.
925 1287 1091 1338 Scribonium
1107 1302 1209 1338 censeo:
1231 1303 1292 1350 quas

167 1374 262 1424 induere
279 1391 366 1424 aureus
382 1391 432 1422 mos
447 1372 576 1431 Quiritium
593 1381 658 1422 vetet.
685 1374 735 1423 Hic
752 1374 818 1436 plus,
839 1373 938 1436 opinor,
959 1372 1058 1436 imperii
1075 1373 1193 1434 habebat,
1215 1387 1291 1435 quam

166 1474 222 1509 mos
239 1460 410 1522 patriciorum
440 1459 515 1508 Solet
530 1466 616 1507 autem
633 1457 731 1507 Plinius
752 1455 858 1514 Quirites
879 1471 927 1520 pro
948 1458 1046 1520 populo
1061 1457 1180 1507 Romano
1200 1458 1291 1506 dicere.

167 1543 209 1593 sie
221 1543 265 1592 lib.
280 1549 319 1602 11,
332 1547 364 1594 at
379 1541 432 1604 [55.
447 1540 520 1603 150]:
543 1540 670 1598 Qniritium
682 1557 767 1605 mapno
779 1541 827 1589 ritu
838 1556 931 1588 sacram
944 1549 986 1601 est,
1002 1540 1039 1589 ita
1051 1557 1114 1589 more
1126 1539 1226 1600 condito,
1244 1549 1291 1589 etc.

166 1627 273 1687 111133,
294 1632 332 1676 10—
343 1624 401 1688 [4⁷‚
421 1623 480 1686 134]
507 1624 635 1682 Quiritium
653 1633 709 1689 post
725 1624 818 1676 Sullam
843 1623 978 1674 ditissimas.
1005 1625 1185 1689 cogitaveram
1205 1626 1291 1685 etiam,

167 1726 224 1775 opus
235 1710 362 1759 censorium
376 1718 442 1759 vetet.
461 1711 512 1761 Sed
524 1711 588 1759 illud
600 1710 746 1773 simplicius.
766 1710 843 1770 Quod
859 1711 978 1774 sequitur,
996 1710 1046 1760 iam
1065 1711 1165 1759 notavit
1176 1711 1290 1759 Hermol.

167 1795 193 1844 iu
206 1796 283 1858 antiq.
297 1796 369 1844 codd.
383 1795 510 1844 exhiberi:
528 1795 555 1842 ob
570 1794 684 1858 insipnem
701 1811 752 1843 cum
769 1791 903 1843 celebritate
919 1794 1096 1843 assectationem
1108 1792 1291 1842 adolescentium

166 1879 266 1929 subolae.
285 1880 339 1930 Nec
355 1880 429 1928 aliter
445 1878 567 1928 credibile
582 1886 620 1928 est
636 1879 762 1928 invenisse
777 1880 937 1938 Pintianum,
956 1879 999 1942 qui
1016 1879 1147 1928 coniiciet:
1164 1893 1215 1926 eam
1232 1876 1269 1925 cel
1280 1906 1291 1916 -

167 1965 250 2012 bratus
261 1963 416 2012 assectatione
428 1960 608 2010 adolescentium
620 1960 714 2010 scholae
726 1977 755 2010 ea
766 1969 864 2026 arpenta
876 1960 975 2010 annulos
987 1961 1106 2012 iuberent.
1123 1962 1200 2012 Certe
1211 1963 1290 2012 nostri

166 2065 219 2099 non
235 2049 309 2098 aliter
324 2047 386 2096 fere:
408 2044 551 2095 calumniam
568 2048 657 2109 utique
673 2048 811 2110 reperimus
828 2063 966 2110 nusquam,
985 2048 1031 2096 etsi
1048 2048 1188 2102 dissimulet
1203 2047 1290 2098 Ferdi·

166 2133 272 2182 naudus.
286 2133 412 2181 Veniebat
423 2131 470 2181 sub
482 2146 588 2180 acumen
600 2131 661 2182 stili:
675 2132 785 2191 Fuscum,
799 2139 884 2180 motum
897 2131 999 2194 equestri
1011 2129 1100 2192 ordine,
1113 2132 1141 2179 ob
1153 2131 1290 2195 insipnitum

166 2215 323 2264 celebritatem
346 2213 516 2264 adsistentium
538 2213 719 2264 adolescentium
740 2213 846 2277 scholae,
868 2231 897 2263 ea
922 2223 1020 2279 arpenta
1041 2215 1142 2264 annulos
1162 2214 1290 2263 labentem.

166 2301 298 2362 Significat
309 2301 418 2364 equestri
430 2315 488 2350 eum
500 2302 587 2350 ordine
599 2309 705 2362 motum,
722 2308 855 2365 praetextu
872 2301 941 2350 haud
958 2301 1034 2351 dubie
1045 2301 1082 2350 rei
1093 2302 1228 2360 notandae,
1246 2313 1291 2349 seu

105 2392 153 2436 822
166 2401 241 2436 verae
258 2401 303 2436 seu
317 2387 400 2446 fictae,
419 2388 463 2435 scd
480 2386 594 2434 intimam
613 2387 792 2450 propriamque
810 2387 843 2435 ob
861 2401 963 2436 causam
979 2385 1150 2445 huudaliam,
1167 2399 1244 2448 quam
1262 2391 1290 2432 ut
1348 2378 1352 2382 ’

166 2471 356 2534 refrigeraretur
366 2471 463 2520 vanitas
476 2471 589 2520 hominis
600 2485 646 2534 per
657 2470 787 2534 publicum
800 2471 924 2521 trahentis
936 2471 1086 2520 invidiosum
1104 2477 1128 2518 et
1143 2469 1194 2518 iam
1211 2471 1290 2532 impe-

166 2558 280 2608 rantibus
298 2562 442 2619 suspectam
460 2555 560 2604 turbam
579 2555 791 2605 scholasticorum
809 2563 834 2604 et
851 2561 1014 2615 sectatorum,
1031 2554 1156 2603 nobilium
1168 2561 1193 2602 et
1204 2567 1289 2617 prom-

166 2653 268 2706 pturum
284 2643 416 2701 iuvenum,
440 2640 612 2702 eloquentiam
629 2641 821 2689 aemulantium.
848 2640 935 2702 Atque
951 2641 971 2690 is
989 2654 1046 2688 cum
1064 2639 1185 2690 caruisset
1203 2638 1290 2688 ordine

167 2730 255 2789 iusque
267 2739 402 2774 aureorum
413 2723 570 2786 perdidisset,
581 2732 609 2772 ut
620 2731 706 2773 tamen
719 2725 822 2773 distaret
833 2740 849 2773 a
860 2724 938 2786 vulgo
951 2731 976 2772 et
986 2723 1107 2774 invidiam
1118 2724 1214 2773 faceret
1223 2724 1290 2773 iura·

167 2811 223 2870 tori,
240 2826 256 2858 a
273 2824 323 2870 quo
341 2816 395 2857 erat
411 2815 522 2868 notatus,
539 2816 674 2870 argenteos
690 2808 799 2858 annulos
815 2809 904 2857 induit.
930 2807 996 2858 Satis
1014 2801 1099 2858 tamen
1117 2815 1155 2859 est
1170 2806 1291 2858 credibile

167 2897 234 2943 hanc
251 2893 390 2943 censoriam
408 2901 452 2942 aut
468 2893 584 2954 magistri
600 2909 700 2942 morum
717 2894 963 2943 animadversionem
983 2895 1080 2943 multos
1100 2895 1122 2942 ei
1144 2893 1249 2941 comites
1264 2893 1291 2938 in

166 2979 292 3043 reliquum
304 2979 450 3028 detraxisse.

202 3061 255 3126 [54‚
274 3062 333 3125 152]
358 3063 466 3127 Vapinae
483 3060 584 3123 batillis,
602 3061 692 3111 balthei
707 3061 802 3111 laminis
819 3060 943 3125 crepitent]
962 3063 1020 3112 Hoc
1036 3062 1068 3111 ab
1083 3061 1216 3111 Hermolai
1231 3075 1291 3109 con-

166 3148 271 3198 iectura.
289 3148 365 3198 Voss.
382 3148 486 3212 supinae
505 3146 599 3209 catillis,
619 3147 698 3195 baltea
715 3146 800 3196 lamnis
816 3147 936 3210 crepitent.
959 3148 1027 3196 Puto
1044 3144 1141 3195 catellis.
1169 3144 1291 3195 Horatius

166 3232 183 3281 l.
202 3240 224 3282 l.
243 3248 282 3296 ep.
303 3238 332 3283 17
357 3231 431 3295 [vers.
452 3230 495 3294 55]
517 3231 725 3295 saepecatellam,
748 3231 826 3295 Saepe
842 3229 1005 3295 periscelidem
1025 3239 1119 3294 raptam
1137 3230 1184 3278 sibi
1196 3228 1290 3292 flentis.

113 3322 120 3329 '
166 3317 253 3367 Livius
265 3317 308 3366 lib.
322 3323 352 3366 39
368 3314 438 3378 [31]:
460 3315 569 3373 Quintius
581 3315 642 3364 alter
656 3324 755 3379 praetor
765 3333 819 3364 suos
831 3315 919 3378 equites
937 3313 1028 3364 catellis
1043 3331 1073 3363 ac
1082 3312 1169 3375 fibulis
1186 3312 1290 3361 donauit.

167 3400 234 3450 Gud.
247 3402 331 3460 etium,
344 3402 447 3463 Mcnap.
460 3409 485 3450 et
497 3402 579 3450 Acad.
592 3399 686 3449 catillis.

202 3483 255 3546 [51,
271 3482 331 3545 154]
350 3483 456 3533 Eustare
474 3483 566 3535 dieitur.
584 3483 706 3548 Ephesiae
721 3485 821 3534 Dianae
839 3483 947 3549 templum
966 3485 1033 3544 iacet,
1053 3482 1194 3548 Capitolium
1212 3483 1291 3530 incen-

165 3566 225 3629 diis]
245 3568 322 3618 Voss.
339 3578 364 3618 et
380 3569 505 3619 Pintiani:
522 3567 620 3617 Dianae
639 3567 720 3632 templi
735 3577 778 3616 aut
797 3564 927 3632 Capitolini
943 3567 1055 3618 incendis.
1079 3569 1160 3618 Aead.
1178 3569 1247 3617 Men.
1265 3576 1291 3616 et

167 3654 234 3705 Gud.
248 3653 327 3716 templi
341 3662 384 3701 unt
399 3650 514 3717 Capitolii
529 3651 761 3713 incendiisdbecte:
779 3669 808 3700 ac
824 3653 872 3701 iam
890 3650 977 3701 nullam
995 3661 1089 3701 exstare
1105 3650 1192 3700 dicitur
1208 3649 1289 3713 Ephe·
1367 3680 1377 3697 -.

166 3739 217 3787 siae
228 3738 327 3788 Dianae
340 3737 423 3811 templi
430 3747 453 3786 et
466 3736 597 3801 Capitolini
607 3736 729 3786 incendiis.
748 3738 880 3805 Significat
891 3739 917 3787 in
929 3737 980 3788 illis
991 3739 1102 3801 periisse.

202 3821 255 3885 [55‚
271 3821 329 3885 155]
349 3821 463 3872 Β111111
478 3821 635 3885 Centaurique
646 3821 735 3871 caelati
745 3822 769 3870 in
780 3820 885 3887 sepplis]
904 3823 981 3872 Voss.
998 3819 1127 3870 Centauros
1144 3818 1291 3881 baculusque

167 3905 266 3955 cadatis
282 3907 387 3972 sepplis:
406 3915 471 3967 tum,
488 3905 547 3954 aede
564 3905 672 3967 Silentia,
689 3908 743 3956 siue
761 3907 861 3970 copula.
888 3907 969 3970 Leges
990 3905 1139 3970 Aerapantis
1160 3905 1185 3953 in
1206 3902 1291 3966 templo

167 3989 251 4040 Liberi
260 3991 344 4041 Putris
356 3992 380 4040 in
392 3991 447 4055 ipsa
458 3989 545 4040 Rbodo
561 3989 690 4040 Centauros
701 3989 860 4054 Bacchusque
871 3990 960 4040 caelati
969 3989 1064 4056 seppli:
1081 3989 1154 4055 Myos
1172 3989 1196 4037 in
1208 3986 1290 4036 eadem

167 4072 336 4124 aedaSilenus
352 4083 376 4122 et
394 4072 529 4139 Cupidines.
559 4074 626 4124 Gud.
650 4075 723 4123 bacas
743 4084 912 4138 centaurospae
928 4074 1018 4124 celatus
1033 4074 1144 4138 cipimins
1159 4074 1184 4122 in
1200 4072 1289 4122 eadem.

167 4157 203 4207 Ut
215 4168 240 4207 et
252 4160 331 4208 Acad.
344 4169 369 4208 et
381 4161 459 4220 Men,
472 4160 521 4208 nisi
533 4161 602 4220 quod
614 4158 708 4208 bucias.
722 4161 890 4223 Praecipuum
904 4162 997 4209 horum
1009 4160 1126 4210 adfirmat
1137 4161 1218 4209 codex
1230 4158 1290 4207 Pin·
