2918 4794
177 270 216 331 14
663 292 804 335 ‹snouovr

175 442 242 501 laec,
259 442 356 493 etiamsi
368 443 429 492 boni
442 455 531 493 sensns
542 442 622 493 lorct!
645 444 696 495 Sed
712 446 765 495 exit
776 445 818 494 ille
831 459 936 509 prorsus
955 446 1086 498 ridiculus:
1111 448 1142 500 Si
1155 453 1296 515 propulset

174 526 295 576 staturalis
311 529 374 578 hoec
390 530 412 577 ci
431 536 497 578 terre
512 527 598 577 luerit.
624 529 691 579 Num
707 530 753 579 sub
772 531 821 579 hec
839 532 997 594 exceptione,
1016 547 1061 582 cur
1079 534 1163 597 potius
1180 535 1296 597 Terenti,

174 628 251 677 quum
263 628 368 676 usquem
381 614 504 676 gentium,
522 613 564 662 ubi
575 615 707 677 provenire
718 616 818 677 potest?
842 614 960 678 Denique
973 618 1028 679 quis
1045 618 1081 665 sic
1096 633 1159 668 usus
1173 632 1235 669 voce
1251 635 1296 667 uu·

175 694 275 745 turalisl
299 698 408 748 Unicum
421 697 568 759 exemplum
581 696 664 747 adfert
675 713 689 747 e
702 697 790 749 Selino
802 700 834 748 de
847 699 960 759 corallio,
978 698 1128 749 neutralibus
1142 701 1211 751 earu
1227 701 1296 751 dero-

172 781 249 844 uatis:
272 782 316 832 sed
335 782 403 845 quod
419 782 473 845 ipse
490 782 592 841 creavit,
610 792 642 841 et,
661 790 690 831 ut
707 795 773 842 reor,
791 783 868 832 mules
891 782 1083 845 praeferendum
1102 787 1170 835 enim
1188 802 1221 836 ex
1229 787 1295 836 aliis

172 867 246 916 codd.
258 865 299 914 ati
309 865 334 913 iu
345 882 432 929 supera
443 863 590 927 attolluntur,
601 864 710 929 qenuiuie
722 864 842 914 uataulus
853 865 983 930 deropatiu
995 865 1167 931 lapidesfiuut.
1179 869 1295 921 Corellio

171 949 269 1015 qeuuini
284 947 376 998 causus
393 947 537 1014 daopautur
554 957 580 999 et
597 949 669 1012 qnasi
687 950 831 1011 eiurentur,
855 965 933 1014 quum
957 953 1073 1014 virgeum
1095 954 1136 1003 vel
1155 955 1294 1004 vimineum

171 1050 265 1099 corpus
282 1035 382 1084 emittit
405 1034 481 1084 Hunc
497 1042 583 1084 sutem
599 1035 632 1082 ed
649 1034 731 1085 Solini
747 1035 833 1084 locum
850 1036 960 1084 advocat
975 1037 1047 1086 eliud
1063 1038 1175 1087 eiusdem
1190 1039 1249 1088 fidei
1260 1039 1294 1087 dc

172 1119 242 1193 luctu
253 1120 331 1170 uteri:
347 1118 417 1177 Quot
426 1119 450 1167 si
459 1116 578 1167 naturalis
589 1117 692 1167 materia
701 1116 812 1179 laeserit
821 1117 923 1167 decimus
935 1135 952 1167 a
962 1128 1073 1184 conceptu
1085 1120 1135 1170 dies
1146 1120 1224 1169 dolore
1234 1137 1293 1185 pra-
1320 1116 1324 1123 '

171 1203 242 1253 uidae
254 1202 394 1253 admonebit.
418 1204 477 1268 Ipse
489 1205 515 1252 in
527 1204 602 1252 unius
614 1203 670 1252 cod.
682 1204 798 1267 margine
808 1204 845 1253 uit
855 1203 949 1253 lectum
961 1203 1059 1267 natales,
1076 1208 1121 1256 sed
1131 1206 1158 1254 id
1169 1207 1292 1269 interpre-

171 1300 240 1342 tatur
261 1288 291 1340 lt
309 1285 505 1353 προεκδόσεως.
531 1288 655 1352 Equidem
677 1289 770 1337 horum
793 1289 902 1338 ultorum
924 1289 945 1338 si
963 1290 996 1338 sit
1014 1291 1120 1340 omnino
1137 1291 1291 1353 eligendum,

171 1377 249 1437 longe
266 1375 351 1438 potius
367 1380 456 1437 putem
473 1368 504 1420 τὸ
522 1369 619 1420 natalis.
646 1371 697 1422 Sed
714 1373 813 1422 videtur
829 1378 855 1421 et
871 1373 922 1422 hoc
939 1373 1029 1424 doctus
1046 1375 1128 1424 lector
1145 1375 1290 1437 coniecisse,
1320 1362 1330 1369 ”

171 1459 273 1511 Solinus
288 1466 372 1507 sutem
389 1457 529 1520 scripsisse:
550 1452 621 1512 Quod
634 1454 656 1503 si
666 1453 816 1504 naturalibus
827 1456 930 1505 materia
941 1455 1055 1508 haeserit:
1077 1466 1103 1508 et
1117 1456 1242 1507 naturalia
1252 1458 1292 1506 iu-

171 1543 306 1600 telloxisse,
318 1555 383 1605 ques
395 1540 494 1589 vocuvit
501 1537 636 1602 penetralia
648 1546 763 1589 matema.
780 1540 926 1590 Macrobius
937 1541 980 1591 lib.
992 1547 1014 1592 1.
1026 1542 1052 1591 in
1064 1542 1196 1593 Somnium
1208 1547 1290 1604 cept
1376 1558 1384 1581 ι

171 1626 225 1691 [63.
238 1642 264 1692 p.
277 1630 318 1675 ⁶0.
334 1620 487 1685 sdir.1m.]:
511 1622 565 1672 Hoc
577 1630 655 1671 tamen
667 1623 865 1686 praetereundum
877 1640 923 1672 uou
935 1633 976 1687 est,
989 1625 1048 1689 quia
1058 1643 1142 1688 semen,
1160 1626 1225 1691 quod
1235 1635 1292 1691 post

170 1712 257 1762 sactum
273 1709 312 1759 sui
326 1708 392 1758 iutro
407 1705 478 1755 lorus
493 1713 580 1770 septem
592 1723 637 1755 nou
643 1706 725 1769 fuerit
735 1707 759 1757 iu
771 1707 907 1771 effusionem
919 1707 1047 1773 relapsum,
1064 1709 1167 1760 iuuisse
1179 1711 1204 1759 iu
1214 1711 1290 1760 uitam

167 1794 342 1861 pronuntiatur.
367 1792 453 1844 Verum
464 1789 551 1840 semiue
561 1790 633 1840 semel
644 1791 844 1855 intrusormuudi
853 1791 953 1842 hominis
964 1802 1078 1843 monetam
1091 1793 1175 1857 locato,
1186 1795 1228 1844 loc
1236 1796 1290 1860 pri-

169 1897 231 1931 mum
247 1878 338 1946 artifex
354 1884 442 1926 uaturu
457 1874 558 1938 molitur,
575 1883 601 1923 ut
612 1875 650 1925 die
661 1875 758 1940 septimo
765 1874 904 1939 folliculum
914 1877 1039 1942 penuiuuru
1052 1878 1179 1928 circumdet
1190 1879 1289 1930 humori.

168 1967 280 2017 Resumo
291 1964 411 2023 Plinium,
424 1975 499 2024 quom
512 1975 564 2010 nou
576 1975 643 2024 nego
655 1961 697 2011 liic
709 1961 807 2010 medice
819 1977 897 2011 manu
908 1976 990 2024 egere.
1012 1961 1073 2012 Non
1091 1965 1157 2013 enim
1168 1965 1231 2014 Mes.
1244 1963 1292 2012 uisi

168 2048 333 2109 maurulio,
346 2047 390 2098 scd
403 2045 449 2095 uisi
459 2044 484 2094 iu
496 2042 604 2093 naturali
614 2043 678 2094 laec.
703 2045 853 2096 Scribimus:
872 2044 924 2096 Sed
934 2046 958 2094 iu
973 2043 1045 2095 Creta
1056 2063 1190 2111 quocunque
1203 2047 1227 2095 iu
1240 2046 1289 2096 loco

170 2143 257 2184 terram
270 2130 367 2181 mouerit
378 2128 504 2193 quispiam,
517 2127 587 2192 quasi
598 2129 623 2177 vi
633 2127 749 2191 naturali,
762 2128 819 2178 lucc
829 2129 936 2194 piyuitur
945 2131 1097 2194 protinusque
1109 2129 1212 2195 emerqit.
1230 2131 1290 2182 Sive

170 2219 257 2278 metis,
277 2214 371 2265 emicat,
393 2214 460 2265 Nem
478 2212 587 2277 emiprat,
606 2212 673 2277 qnod
690 2228 742 2263 nou
757 2215 834 2264 modo
852 2215 876 2263 in
894 2214 1002 2279 scriptis,
1020 2217 1065 2266 sed
1083 2216 1159 2265 etiem
1171 2217 1240 2280 apud
1251 2215 1290 2265 Io.

167 2300 299 2352 Andreem
316 2298 423 2360 invenio,
442 2299 587 2360 tolerarem,
606 2298 628 2348 si
643 2297 735 2347 Latine
751 2297 828 2348 ferret
844 2300 933 2348 oratio.
960 2299 1012 2350 Sed
1029 2298 1146 2364 emiprurs
1162 2299 1290 2351 discedere

87 2430 91 2437 .
167 2393 243 2451 etque
255 2386 324 2435 ubire
337 2399 390 2435 cese
402 2384 467 2446 sci03
485 2397 537 2433 non
554 2384 662 2433 existere
679 2389 724 2433 sut
739 2397 794 2433 sese
809 2383 932 2446 proferre,
951 2392 976 2432 et
987 2385 1020 2445 id,
1039 2385 1108 2447 quod
1120 2397 1178 2433 cnm
1190 2397 1288 2445 omnes,

168 2480 222 2523 tum
238 2486 313 2535 esopo
325 2469 423 2520 Plinius
439 2468 501 2517 dicit
517 2466 625 2519 emicare.
650 2468 700 2519 Sed
713 2475 739 2517 et
750 2483 866 2531 emorque
877 2468 920 2518 lib.
936 2474 974 2529 19,
988 2474 1001 2517 5
1021 2466 1074 2530 [26‚
1087 2465 1145 2530 83]:
1168 2466 1290 2530 Numqui

166 2565 236 2607 astra
254 2564 341 2604 terram
357 2551 458 2614 emersit,
476 2551 548 2601 durus
556 2554 592 2617 fit
607 2560 679 2616 atque
687 2553 816 2616 fuuposus.
839 2551 937 2601 Movere
953 2551 1045 2600 humum
1062 2553 1158 2617 placuit
1173 2560 1199 2602 et
1215 2552 1288 2602 elteri

167 2641 252 2693 Plinio
268 2639 312 2687 lib.
327 2644 348 2687 l.
362 2652 403 2700 ep·
417 2643 456 2687 le.
475 2634 572 2701 [potius
584 2636 619 2697 11,
636 2641 674 2697 17,
688 2632 747 2697 25]:
765 2651 907 2698 quocumque
924 2634 973 2685 loco
985 2636 1084 2685 moueris
1096 2635 1196 2695 humum,
1208 2636 1289 2685 obuius

167 2733 190 2775 et
199 2730 301 2788 paratus
313 2720 395 2770 lumor
406 2718 514 2769 occurrit.
538 2719 624 2781 Quum
635 2719 703 2783 lego,
720 2717 778 2768 laec
787 2718 902 2784 qipuitur,
918 2721 1042 2784 intelligo,
1055 2721 1135 2772 altere
1147 2735 1288 2786 cupressus·

166 2808 275 2858 Dixerat
287 2806 365 2856 enim:
388 2804 445 2854 Duo
456 2819 544 2868 persero
555 2819 644 2852 earum.
662 2803 703 2853 Ite
715 2811 740 2854 et
751 2819 827 2853 mox:
850 2802 901 2852 Illa
917 2821 971 2854 uero
983 2804 1053 2853 etiam
1070 2801 1174 2868 (nempe
1186 2819 1288 2869 cupres-

168 2906 211 2942 sus
223 2892 305 2941 oltoru
316 2889 414 2955 species
425 2890 537 2953 gignitur
548 2886 716 2952 emergitque)
733 2904 779 2937 nou
791 2886 911 2952 appellato
922 2888 971 2939 solo
982 2906 1012 2938 uc
1023 2897 1111 2953 sponte.
1129 2888 1173 2939 Sic
1183 2903 1287 2952 prorsus

166 2975 249 3027 Acuti.
266 2975 375 3026 Gudien.
392 2974 520 3025 Vossieni.
543 2971 679 3038 Appellato,
698 2981 744 3037 cst,
762 2981 842 3035 moto,
860 2973 1013 3025 fossionibus
1031 2973 1180 3035 sollicitsto;
1198 2975 1287 3023 edmo-

167 3062 227 3111 dum
239 3061 312 3111 scito:
330 3068 357 3111 st
368 3061 456 3111 inscite
467 3060 657 3124 Delecempius,
670 3067 761 3123 aperto,
775 3060 885 3122 corrigit.
905 3058 972 3120 Quid
984 3067 1078 3120 eutem,
1090 3059 1230 3121 perfidem,
1244 3056 1288 3106 hic

166 3160 211 3193 uou
223 3143 343 3209 appellato
354 3161 367 3193 e
378 3146 478 3209 sponso?
497 3143 527 3194 Id
539 3152 586 3204 est,
602 3143 692 3207 inquit,
709 3145 736 3192 in
748 3146 804 3193 solo
817 3143 919 3193 minime
931 3143 1047 3204 naturali,
1066 3142 1135 3206 quod
1147 3156 1179 3190 ex
1192 3155 1287 3205 sponso

165 3244 217 3281 uon
228 3230 308 3294 possit
319 3229 450 3294 appellari.
471 3228 594 3291 Agnosco
606 3229 748 3291 ingenium:
766 3230 811 3277 sed
821 3223 966 3294 κακοζηλία
978 3227 1153 3277 intolerabilis.
1175 3225 1230 3276 Nec
1241 3241 1286 3290 pe-

166 3314 227 3364 titur
242 3327 339 3375 sensus,
357 3321 385 3363 nt
400 3313 481 3376 liquot
497 3327 530 3362 cx
547 3313 728 3375 superioribus.
750 3312 836 3362 Multo
854 3312 938 3362 minus
949 3310 1069 3361 ferendus
1081 3311 1177 3361 Ulitius
1189 3316 1285 3370 noster,

166 3412 245 3461 quum
261 3398 293 3446 ed
306 3396 424 3447 Grutium
440 3401 531 3444 mutet:
549 3392 594 3442 itta
609 3410 662 3442 uero
678 3394 749 3443 etiam
767 3410 811 3442 uon
823 3392 947 3458 appellata
961 3393 1010 3442 solo
1022 3392 1143 3457 desponsa,
1161 3393 1232 3457 qussi
1245 3391 1286 3441 ‹ie-

166 3495 264 3545 sponsus
274 3480 365 3531 Lutine
377 3480 410 3531 sit
422 3480 488 3529 idem
501 3479 569 3541 quod
582 3477 726 3542 demerem.
746 3475 799 3540 [Ex
811 3477 915 3528 Miscell.
927 3495 953 3543 p.
966 3483 1015 3528 ete
1028 3474 1094 3542 seq]

561 3677 625 3742 AD
648 3677 768 3744 LIBR.
790 3677 892 3744 XIX.

200 3821 310 3873 Preclut.
333 3819 425 3870 Audax
437 3817 495 3879 uita,
511 3815 622 3867 scelerum
631 3816 721 3883 plena!
739 3817 835 3882 aliquid
844 3819 900 3881 seri,
917 3827 943 3868 ut
958 3826 1036 3868 uentos
1050 3816 1213 3883 procellasque
1225 3819 1285 3867 reci·

163 3906 226 3972 piat,
243 3913 266 3954 et
278 3921 365 3969 piarum
377 3920 426 3953 esse
430 3903 548 3967 fluctibus
558 3902 615 3952 solis
626 3901 704 3965 uelit]
727 3903 867 3955 Salmasius
879 3908 911 3955 ed
925 3904 1040 3955 Solinum
1053 3919 1078 3968 p.
1092 3909 1149 3952 260.
1167 3905 1243 3953 trudit
1258 3903 1286 3953 in

166 3991 268 4055 optimis
286 3989 355 4039 libris
371 3991 493 4053 scripturn
510 4004 564 4039 csse
584 3986 690 4052 plenum,
712 3989 774 4038 item
793 3987 912 4052 proeellas
929 3996 954 4036 ut
971 3987 1060 4051 capiat.
1084 3988 1189 4036 omnino
1207 3987 1286 4050 igitur

165 4075 361 4124 emundandum:
382 4072 473 4122 dudm
489 4073 522 4136 id,
540 4081 566 4122 at
580 4071 691 4122 scelerum
705 4071 799 4136 plenum
816 4071 911 4136 aliquid
924 4072 974 4121 seri
988 4080 1014 4120 ut
1029 4081 1114 4133 uentos,
1129 4068 1250 4135 procellas
1260 4076 1287 4118 ut

165 4159 254 4222 cupiat,
266 4172 309 4207 uec
316 4173 404 4221 mutin
416 4174 464 4207 esse
476 4157 618 4222 etfluctibus
628 4157 686 4206 solis
696 4156 756 4206 veli
773 4156 959 4216 Infelicissime,
972 4172 1029 4206 mon
1038 4157 1139 4220 quidem
1151 4155 1285 4205 sententis.

165 4240 233 4294 Sene
245 4241 311 4293 Gnd.
323 4242 441 4294 Vossiuni
453 4244 512 4306 duo,
529 4241 612 4293 Aoed.
629 4256 734 4305 prorsus
751 4248 780 4291 ut
791 4240 897 4304 vulgati.
920 4239 971 4290 Sed
987 4240 1066 4290 luerit
1080 4241 1178 4302 melior,
1194 4240 1286 4325 inquo
