2918 4794
188 299 296 341 XXVIII
626 298 870 342 Pnouueouunu.

188 444 356 533 graphium
381 446 587 526 referrentur,
616 447 674 512 sed
695 448 791 512 etiam
812 469 877 525 eas,
905 468 986 530 quae
1008 447 1049 510 ad
1071 447 1312 532 grammaticam
1403 432 1406 437 ¹

189 564 380 641 spectarent,
406 566 593 640 sequeretur
613 556 823 640 antiquarius,
848 557 990 622 codieem
1012 557 1204 641 rescriptum
1225 557 1310 638 ideo,

189 667 274 751 quod
295 667 380 732 illius
403 666 566 752 temporis,
588 688 652 750 quo
667 667 876 752 transcriptus
891 676 951 742 est,
973 667 1139 752 proprium
1158 668 1310 751 loquendi

70 816 73 821 <
188 800 284 842 usum
307 777 459 854 servavit,
480 777 590 863 magni
612 798 688 841 sane
710 776 944 842 aestimandum
966 799 1144 842 censemus.

231 886 379 952 Primum
400 887 593 971 antiquiores
615 909 696 971 quas
711 887 813 952 codex
827 886 963 972 praebet
976 888 1094 951 formas
1112 887 1313 972 proferamus

185 992 262 1063 hest
297 999 398 1064 aliubi
423 1021 455 1084 p.
479 999 530 1077 59,
554 1000 605 1077 18,
635 1009 862 1063 accrementum
885 996 1128 1083 (atramentum)
1149 1020 1182 1083 p.
1206 998 1236 1074 9,
1259 996 1312 1074 23,

190 1109 294 1173 adana
321 1130 353 1193 p.
383 1109 454 1186 154,
478 1110 507 1186 7,
541 1111 712 1197 alpennino
742 1108 957 1194 (appennino)
983 1131 1016 1194 p.
1040 1108 1092 1184 63,
1115 1108 1146 1185 8,
1180 1108 1313 1171 balineis

189 1240 221 1303 p.
247 1220 325 1297 157,
348 1218 405 1296 25,
434 1243 472 1283 an
493 1220 619 1303 (eneas)
642 1239 674 1302 p.
698 1217 770 1296 229,
795 1219 850 1296 19,
881 1221 986 1283 brutia
1013 1241 1046 1304 p.
1070 1217 1143 1294 215,
1169 1219 1198 1292 l,
1228 1217 1313 1282 solos

188 1350 221 1414 p.
246 1328 318 1406 160,
342 1330 394 1405 22,
418 1331 548 1393 deutera
568 1350 600 1413 p.
625 1329 675 1405 67,
691 1330 743 1406 26,
766 1332 822 1394 diu
844 1327 950 1414 (divo)
972 1352 1004 1414 p.
1022 1329 1141 1405 12,16,
1164 1326 1313 1412 elephans

189 1461 222 1523 p.
246 1439 297 1516 60,
320 1439 351 1515 3,
364 1439 579 1526 sapulinarum
600 1461 633 1524 p.
657 1440 729 1515 249,
753 1441 783 1516 7,
807 1440 931 1524 lapom'e
953 1460 985 1523 p.
1001 1439 1074 1516 205,
1095 1438 1147 1515 25,
1170 1438 1313 1503 erubenta

189 1570 222 1634 p.
246 1547 303 1627 54,
328 1549 384 1626 16,
413 1549 584 1634 infereiore
606 1571 638 1634 p.
663 1549 718 1626 65,
741 1549 798 1626 20,
826 1551 917 1613 ieeur
945 1571 977 1634 p.
1001 1549 1037 1627 5,
1060 1551 1098 1625 4,
1127 1550 1313 1634 lupulanda'e

190 1681 222 1744 p.
239 1658 379 1737 23919,
403 1661 466 1724 1551
478 1682 511 1744 p.
528 1660 579 1735 59,
595 1660 626 1736 5,
648 1661 763 1724 moem'r
777 1681 810 1744 p.
827 1660 900 1736 252,
916 1660 945 1735 5,
966 1660 1110 1723 neclectis
1126 1681 1158 1744 p.
1173 1660 1244 1736 186,
1262 1660 1313 1736 11,

191 1770 345 1856 assaalum
356 1769 543 1854 (ὀσφανῦείς,
559 1769 727 1854 olfactum)
738 1793 769 1856 p.
784 1770 814 1847 9,
828 1770 879 1847 16,
889 1792 994 1855 paene
1008 1771 1115 1834 ineula
1130 1790 1163 1853 p.
1176 1768 1249 1845 101,
1261 1770 1312 1845 22,

185 1903 331 1966 panarae
342 1880 495 1966 (pansae)
506 1904 538 1967 p.
555 1881 606 1958 69,
624 1884 653 1957 7,
672 1882 825 1967 peduculi
835 1879 1008 1965 (pediculi)
1023 1903 1056 1966 p.
1073 1880 1145 1957 138,
1164 1882 1194 1956 2,
1211 1901 1312 1964 peru-

191 1992 292 2054 515155
314 2013 345 2075 p.
370 1990 443 2066 193,
467 1991 517 2066 10,
541 1991 741 2055 salurnitana
762 2014 795 2076 p.
819 1992 892 2067 124,
916 1992 946 2067 7,
970 1991 1130 2054 sibulluna
1145 2010 1177 2072 p.
1192 1989 1245 2064 34,
1263 1989 1313 2064 10,

192 2101 281 2162 suria
295 2120 328 2183 p.
344 2100 417 2177 246,
433 2098 464 2175 8,
488 2100 605 2163 laetum
620 2098 770 2184 (lycium)
792 2123 824 2186 p.
841 2101 893 2178 80,
909 2101 940 2178 5,
969 2099 1117 2165 labarum
1131 2098 1313 2184 (tuberum)

191 2232 224 2295 p.
246 2209 325 2287 246,
351 2210 407 2286 15,
435 2220 575 2296 septumo
602 2231 635 2294 p.
659 2211 714 2287 77,
738 2211 795 2288 24,
822 2212 946 2275 ultuma
967 2233 1000 2296 p.
1024 2213 1080 2287 71,
1103 2211 1160 2287 21,
1189 2220 1314 2294 optume

190 2342 223 2405 p.
247 2321 318 2398 157,
340 2322 392 2399 23,
414 2344 562 2386 manume
583 2344 615 2407 p.
641 2320 692 2399 58,
715 2320 767 2401 25,
790 2334 991 2387 monumenta
1012 2345 1044 2407 p.
1062 2321 1202 2397 144,16,
1226 2331 1313 2404 tepu-

190 2443 292 2496 mento
307 2454 340 2517 p.
355 2432 408 2510 46,
424 2433 454 2497 2.
476 2432 516 2496 In
531 2432 645 2497 mediis
660 2431 837 2509 vocabulis,
857 2433 893 2496 in
908 2430 1026 2515 quibus
1049 2429 1236 2516 ambiguum
1252 2439 1313 2506 est,

191 2551 299 2606 utrum
323 2543 334 2605 l
355 2541 537 2624 duplicetur
559 2563 675 2617 annon,
697 2540 882 2624 ubieunque
911 2539 1071 2627 geminata
1092 2539 1186 2603 litera
1207 2540 1238 2603 ll
1258 2562 1314 2604 ve·

192 2650 357 2715 tustiorem
380 2648 541 2713 scribendi
562 2648 693 2713 modum
713 2659 882 2727 monstrat,
909 2649 1110 2733 antiquarius
1131 2650 1206 2713 item
1226 2650 1313 2714 hune

191 2781 287 2825 usum
316 2758 475 2843 sequitur,
509 2781 537 2824 e.
564 2783 597 2846 g.
627 2760 797 2823 sallentina
826 2758 878 2844 (ut
906 2758 989 2825 clare
1017 2760 1136 2846 legitur
1161 2758 1196 2824 in
1225 2760 1313 2824 Fara

193 2870 306 2953 eona),
330 2872 532 2934 5511551551.

233 2980 449 3046 Aeeusativus
476 2979 648 3067 singularis
676 2981 800 3045 numeri
826 3004 890 3046 non
921 2980 1022 3046 solum
1057 2979 1312 3068 peregrinarum,

193 3091 250 3156 sed
272 3090 559 3156 51151515111151515
581 3113 696 3156 vocum
718 3091 847 3179 saepius
867 3093 902 3158 in
921 3118 984 3157 ..n
1006 3093 1125 3170 finitur,
1154 3092 1314 3177 memphin

192 3222 224 3285 p.
249 3204 319 3280 142,
343 3204 394 3280 26,
417 3224 565 3287 panacen
592 3224 624 3287 p.
649 3203 720 3282 113,
744 3206 775 3281 8,
804 3206 983 3269 aristotelea
1010 3227 1041 3290 p.
1066 3207 1117 3280 74,
1141 3204 1192 3279 24,
1221 3204 1313 3266 salin

192 3332 225 3395 p.
249 3312 299 3389 94,
323 3312 353 3387 2,
368 3313 512 3397 fruticem
533 3334 564 3396 p.
589 3313 660 3389 163,
683 3314 734 3390 25,
758 3315 877 3379 larieen
899 3337 931 3399 p.
956 3314 1029 3391 158,
1054 3315 1104 3377 13.
1138 3312 1311 3377 Ablativus

193 3443 288 3484 casus
312 3420 455 3485 eiusdem
474 3421 607 3499 numeri,
629 3422 686 3506 qui
706 3422 741 3486 in
762 3427 834 3488 „el
855 3423 933 3499 exit,
956 3423 1055 3489 semel
1077 3433 1200 3488 tantum
1221 3424 1312 3488 inve-

192 3530 289 3609 nitur,
313 3531 424 3596 la'emel
437 3554 469 3617 p.
486 3535 504 3595 7
508 3537 537 3610 7,
553 3533 582 3597 8.
605 3531 670 3595 Pro
685 3531 811 3618 vulgari
827 3533 993 3619 scriptura,
1018 3555 1100 3618 quae
1121 3533 1155 3597 in
1170 3532 1313 3620 genitivo

193 3642 309 3728 singul.
332 3652 365 3707 et
386 3641 495 3706 dativo
518 3653 550 3706 et
572 3641 712 3707 ablativo
738 3642 821 3727 plur.
843 3665 929 3710 num.
953 3648 1021 3710 -a'i
1042 3656 1074 3710 et
1096 3646 1183 3708 ..la
1205 3644 1309 3721 offert,

193 3753 294 3818 codex
322 3753 510 3839 plerumque
539 3753 669 3818 unicum
697 3751 826 3818 exhibet
854 3757 924 3831 ..1,
949 3776 977 3820 5.
1001 3777 1033 3840 g.
1052 3756 1144 3840 falia
1185 3752 1252 3819 Sed
1279 3755 1313 3816 in

193 3863 335 3947 genitivo
359 3873 391 3927 et
411 3863 597 3928 accusativo
620 3885 707 3927 num.
722 3863 804 3949 plur.
823 3876 955 3948 quartae
970 3865 1049 3930 deel.
1064 3865 1313 3931 contractionem

193 3994 258 4036 non
285 3971 433 4049 admisit3
465 3972 594 4058 scripsit
615 3973 701 4037 5111111
724 3987 860 4062 pestana
883 3998 913 4060 p.
944 3975 999 4050 23,
1029 3976 1086 4053 25,
1117 3976 1201 4040 conf.
1224 3999 1257 4062 p.
1282 3978 1312 4056 9,

196 4082 320 4146 10.11.
353 4082 405 4162 20,
430 4084 478 4147 26.
513 4085 565 4161 22,
588 4084 616 4147 6.
652 4086 703 4162 27,
727 4088 757 4151 2.
792 4086 844 4160 29,
866 4085 897 4151 3.
931 4086 984 4162 34,
1008 4085 1050 4148 20
1071 4096 1132 4151 551.
