2918 4794
162 255 206 319 38
601 244 606 257 ’
657 272 800 315 eaonovr

161 417 256 489 Ὄψον,
276 423 459 488 pulpamentum.
487 422 578 474 Cicero
596 429 610 474 5
629 422 682 487 [³2,
700 422 744 486 90]
764 425 869 474 Tuscul.
887 438 920 472 ex
937 423 1015 473 literis
1027 423 1184 477 Anacharsis
1201 429 1286 489 ponit:

166 510 234 562 Mili
249 508 323 558 cubile
340 517 418 570 terra,
432 506 609 572 pulpamentum
619 509 710 572 fames.
737 509 787 558 Pro
804 523 836 557 eo
853 508 936 557 verbis
952 506 1064 558 Socratis
1082 506 1135 570 [94,
1150 507 1194 571 97]
1215 511 1287 574 ponit

165 597 249 645 obsone
261 594 364 658 famern.
390 595 443 644 Pro
463 596 554 644 eodem
572 594 696 643 Horatius
717 594 760 642 lib.
779 599 802 641 2.
820 592 873 643 Sat.
892 599 907 641 2
926 589 996 664 [21ης
1019 590 1183 656 pulmentaria
1198 609 1287 657 quaero

111 684 113 689 '
164 677 290 730 Sudando.
309 687 335 728 et
352 679 396 727 lib.
412 684 433 727 1.
451 678 522 740 epist.
538 683 567 728 18
587 674 657 739 [48];
676 675 800 740 pulmenta
816 675 936 725 laboribus
952 692 1011 727 eruc.
1037 677 1169 728 Phaedrus
1184 678 1236 728 lab.
1254 685 1286 730 48

166 761 203 826 [3,
216 766 239 824 7,
253 761 311 825 26];
321 763 409 826 frusta
425 760 618 824 iactatfamilia,
635 759 671 809 Et
687 760 751 824 quod
757 760 860 823 fastidit
871 761 970 823 quisque
978 758 1171 824 pulmentarium.
1189 761 1288 812 Seneca

164 848 237 911 epist.
250 852 281 900 87
296 846 348 909 [3]:
369 844 476 907 (luricae,
493 846 517 894 si
527 862 616 909 panem
636 844 717 907 babeo,
732 863 778 909 pro
792 843 951 909 pulmentario
967 853 1033 907 sunt,·
1050 845 1073 894 si
1088 861 1141 907 non,
1156 862 1202 908 pro
1213 862 1286 909 pune.

163 933 235 982 Loco
248 932 346 982 obsonii
358 939 424 981 suut
443 931 486 982 Sic
497 939 523 980 et
535 930 600 981 Cato
612 932 638 979 iu
651 932 727 980 tertio
740 931 875 992 Originum
888 933 956 994 apud
967 929 1112 980 charisium
1126 928 1177 992 [1]:
1195 928 1286 980 Later·

161 1014 248 1079 pitium
260 1032 307 1078 pra
320 1014 481 1079 pulmentario
498 1031 540 1063 suo
557 1015 633 1064 babet.
655 1016 697 1064 Ex
714 1030 764 1078 quo
782 1016 860 1064 idem:
883 1013 955 1064 multo
968 1013 1088 1078 pulmento
1104 1013 1149 1064 usi.
1173 1012 1223 1064 hoe
1240 1023 1286 1076 ast,

163 1101 245 1150 multo
258 1101 314 1150 cibo
327 1108 451 1163 apparato
463 1106 489 1149 et
501 1108 581 1149 cocto.
593 1100 720 1162 Ulpianus
732 1101 764 1148 de
776 1100 890 1149 instruct.
901 1107 926 1148 et
935 1100 1049 1148 instrum.
1060 1097 1204 1160 [xxmn
1212 1097 1286 1161 125]

103 1189 151 1237 769
165 1181 281 1248 benficus,
302 1200 363 1247 quae
373 1183 500 1247 furnillam
517 1184 630 1233 rusticam
647 1184 755 1246 vestiant,
776 1191 875 1247 atquae
891 1182 1054 1247 pulmentaria
1070 1183 1163 1232 rusticis
1178 1190 1286 1247 coquant.

163 1270 270 1319 Paullus
287 1270 382 1319 ibidem
400 1267 687 1332 [XXXHI,7,18,3]:
709 1269 734 1318 in
750 1268 845 1318 cacabis
859 1267 1044 1345 pulmentarium
1057 1267 1170 1331 coquitur.
1188 1269 1287 1319 Plinius

163 1355 207 1404 lib.
226 1361 265 1416 19,
286 1363 296 1404 1
320 1353 426 1418 [polium
456 1361 494 1417 19,
512 1362 536 1416 4,
561 1360 599 1415 19,
617 1351 674 1415 57]:
700 1353 754 1404 Nec
773 1352 865 1415 caules,
886 1361 912 1402 ut
931 1369 992 1402 nunc
1011 1353 1125 1415 manime,
1142 1355 1286 1418 probabant,
1338 1404 1343 1411 ,

164 1437 303 1486 damnantes
315 1437 490 1502 pulmentaria,
513 1454 573 1501 quae
589 1447 682 1501 eperunt
697 1436 749 1486 alio
763 1436 930 1501 pulmentario.
953 1437 980 1486 id
996 1446 1049 1486 erat
1065 1437 1115 1487 oleo
1128 1455 1237 1502 parcere.
1262 1449 1287 1490 et

165 1539 219 1587 cap.
237 1529 252 1572 6
275 1521 327 1584 [³4,
347 1521 420 1585 1121:
453 1521 560 1585 Ulpicum
576 1521 707 1586 praecipue
728 1522 866 1572 celebratum
888 1522 949 1571 inter
965 1522 1129 1586 pulmentario
1149 1524 1221 1574 rums.
1253 1525 1287 1574 Et

164 1609 250 1671 potius
262 1613 308 1668 est,
326 1616 355 1657 ut
366 1606 512 1671 pulmentum
524 1624 540 1657 a
552 1609 717 1672 pulpamenta
731 1609 823 1658 exuite
835 1607 935 1671 syllaba
947 1623 1023 1672 quam
1035 1624 1051 1657 a
1063 1609 1142 1672 pulte,
1161 1617 1190 1659 ut
1201 1609 1286 1658 Varro

165 1701 190 1742 et
204 1693 302 1743 Plinius
318 1694 465 1755 voluerunt,
488 1694 580 1757 quique
603 1709 646 1743 eos
667 1694 783 1756 sequitur
801 1693 935 1754 Guidetua
953 1693 1083 1743 ducamus.
1110 1694 1193 1742 Varro
1209 1694 1254 1742 lib.
1271 1701 1286 1743 4

166 1775 273 1841 [potium
291 1778 325 1838 V,
340 1782 395 1828 108.
411 1794 437 1841 p.
451 1783 492 1827 43.
507 1776 636 1839 Muller.]:
663 1775 734 1835 Quod
744 1775 845 1826 edebant
855 1793 906 1826 cum
921 1776 995 1840 pulte,
1013 1779 1043 1825 ab
1056 1793 1081 1826 eo
1093 1775 1246 1841 pulmentum,
1262 1784 1288 1825 ut

163 1859 281 1933 Plautum
302 1860 357 1909 binc
369 1859 553 1924 pulmentarium
570 1859 665 1910 dictum.
687 1862 754 1911 Plin.
769 1867 837 1922 18,9
857 1859 967 1925 [potiusz
988 1866 1026 1923 18,
1041 1867 1064 1924 8,
1084 1867 1123 1922 19,
1136 1859 1192 1923 88]:
1215 1859 1288 1910 Pulte

163 1955 249 2008 numm,
267 1963 312 1995 uon
321 1962 393 2010 pane,
410 1945 497 1995 vicisse
509 1945 577 2009 lonqc
591 1954 691 2010 tempore
703 1945 827 1995 Romanos
838 1945 998 2009 manp‘estum,
1016 1946 1125 2008 quoniam
1136 1945 1190 1995 inde
1201 1955 1225 1995 et
1232 1945 1287 2010 pul·

163 2029 282 2079 mentaria
292 2029 408 2092 badieque
420 2029 537 2079 dicuutur.
555 2032 607 2081 Ubi
619 2046 682 2094 quas
694 2037 818 2080 annotant
827 2028 1136 2094 pulmentariassoeminus,
1146 2033 1194 2081 -val
1205 2031 1287 2096 mic&-

164 2113 239 2176 ridas,
251 2130 297 2165 eae
308 2129 361 2164 non
373 2125 432 2164 sunt
442 2116 525 2164 nauci.
543 2115 632 2164 Verba
643 2115 736 2165 Lucilii
747 2117 783 2165 sie
794 2117 959 2165 restituerunt
971 2115 1016 2164 viri
1027 2123 1194 2180 praestantes:

367 2198 542 2260 Pulmentaria,
554 2207 580 2248 ut
591 2198 692 2264 intybus,
705 2207 748 2248 aut
758 2198 844 2262 aliqua
855 2197 883 2247 id
891 2215 966 2263 penus
978 2198 1058 2260 barba,

367 2282 403 2332 Et
413 2284 451 2332 ius
461 2300 607 2334 maenarum.
627 2285 682 2333 bene
694 2283 770 2334 babet.
790 2281 834 2332 sed
843 2282 939 2332 mictilis
951 2283 1009 2332 baec
1019 2294 1055 2334 est

157 2420 160 2425 ,
367 2367 449 2419 Mera.
692 2426 695 2437 Ι

165 2453 290 2516 [unuin.
308 2455 389 2504 Lucil.
407 2470 440 2504 cx
456 2455 509 2505 Sat.
525 2453 581 2504 libr.
599 2455 659 2504 XX.
678 2470 702 2517 p.
721 2459 765 2514 46,
784 2454 827 2504 ubi
843 2453 935 2503 ultima
949 2453 1027 2503 verba
1043 2454 1079 2503 sic
1096 2455 1224 2516 leguntur:
1246 2451 1290 2502 sed

164 2539 270 2604 mictqris
285 2537 328 2588 bcc
344 2547 379 2587 est
394 2537 488 2600 Mersa]
516 2540 660 2588 Potuerunt
676 2539 703 2586 in
721 2539 819 2600 origine
835 2538 953 2587 vocabuli
968 2537 1024 2588 lani
1040 2539 1122 2588 Varro
1139 2547 1164 2588 et
1180 2539 1287 2599 Plinius,

164 2639 216 2672 non
231 2631 370 2687 potuerunt
385 2625 411 2672 in
424 2624 617 2686 significatione.
643 2622 733 2686 Itaque
748 2624 838 2672 volunt
853 2624 929 2672 ambo
945 2623 1021 2682 idem,
1042 2638 1135 2687 nempe
1151 2632 1288 2687 autequam

163 2710 237 2771 panis
252 2723 313 2757 usus
331 2715 396 2756 esset
411 2708 577 2770 promiscuus,
594 2708 692 2770 pultem
704 2707 828 2756 Romanis
845 2706 923 2757 luisse
934 2722 980 2770 pro
992 2723 1065 2770 pane.
1084 2709 1109 2757 id
1121 2723 1155 2758 ex
1167 2724 1197 2757 ao
1209 2723 1286 2772 appa·

163 2808 225 2854 rere,
242 2793 312 2855 quod
324 2789 470 2854 pulmentum
486 2792 596 2840 dixerint
612 2807 659 2855 pro
676 2793 792 2853 obsonio,
814 2793 874 2855 quia
890 2793 948 2852 hoc,
967 2795 1181 2855 quemadmodum
1197 2802 1289 2857 postea

165 2864 308 2940 campane,
326 2877 361 2926 sic
377 2884 452 2925 autea
464 2892 523 2925 eum
534 2877 604 2940 pulta
620 2878 792 2927 vescebantur.
810 2877 878 2928 Satis
894 2878 972 2939 igitur
989 2879 1131 2941 significant
1143 2877 1289 2941 pulmentum

164 2976 219 3011 assa
235 2976 288 3010 non
304 2962 416 3025 pultem,
432 2976 515 3025 neque
532 2963 612 3012 instar
628 2963 706 3026 pultis
722 2970 839 3026 paratum
856 2963 955 3023 cibum,
971 2964 1016 3012 sed
1032 2959 1216 3026 reposuimus,
1235 2963 1288 3012 sive

164 3047 307 3097 obsonium.
333 3047 421 3106 Adde,
438 3047 459 3097 si
474 3048 572 3110 placet,
592 3047 772 3097 Casuubonum
787 3049 814 3096 in
833 3048 997 3097 Athenaeum
1015 3049 1038 3108 7,
1056 3053 1070 3095 2
1091 3045 1198 3110 [potiusz
1218 3051 1246 3108 7,
1263 3055 1288 3096 4.
1388 3090 1393 3103 ,

163 3147 188 3195 p.
199 3136 257 3182 276.
265 3134 296 3182 Ε.
309 3133 384 3182 Tom.
396 3132 443 3182 IV.
456 3148 481 3196 p.
496 3139 534 3182 15.
547 3131 616 3196 Bip]
631 3141 656 3182 et
669 3132 823 3183 salmasium
834 3134 867 3181 ad
879 3132 989 3182 Pallium
1002 3131 1151 3181 Tertulliani
1166 3129 1202 3195 [p.
1215 3129 1287 3193 46ο].

198 3215 326 3279 [69,141]
349 3214 405 3266 Cum
422 3216 503 3280 adipis
519 3216 586 3266 suilli
600 3215 725 3278 vetustate]
749 3217 932 3280 Dalecampins
945 3217 1055 3278 corrigit,
1072 3231 1123 3263 cum
1135 3214 1208 3279 adue
1219 3214 1289 3264 suillo

161 3309 259 3351 uetusto.
292 3302 374 3365 Atqui
397 3303 448 3352 hoc
470 3303 554 3365 ipsum
578 3302 650 3352 effert
673 3304 824 3365 exquisitius
848 3303 961 3363 Plinius,
988 3311 1013 3350 et
1036 3302 1152 3351 similiter
1175 3301 1290 3364 loquitur

163 3388 208 3437 lib.
222 3393 262 3447 21,
277 3392 307 3436 19
327 3385 467 3448 [74‚127]:
490 3385 575 3436 Semen
591 3386 692 3436 illinitur
708 3387 760 3451 iqni
774 3402 856 3446 sacro,
866 3386 918 3449 flas
935 3393 958 3434 et
966 3384 1035 3450 folia
1052 3385 1152 3435 ulcerum
1169 3383 1302 3441 causum,

163 3473 207 3522 lib.
221 3479 262 3534 26,
275 3477 289 3519 6
304 3469 358 3532 [lu
372 3468 427 3532 67]:
449 3470 602 3522 Obstetricem
618 3471 729 3521 nobilitas
744 3488 790 3520 non
806 3470 855 3519 alio
871 3487 938 3520 succo
956 3470 1076 3532 efficacius
1092 3469 1176 3519 curari
1183 3484 1289 3532 pronam-

164 3557 236 3606 tiam't
246 3572 368 3619 corporum
377 3555 492 3618 pruritus.
511 3558 562 3606 hoc
574 3564 619 3618 est,
633 3557 780 3606 obstetrices
792 3557 899 3606 nobiles.

199 3641 252 3704 [73,
268 3639 327 3702 151]
345 3640 442 3690 Farina
454 3640 511 3703 eius,
527 3641 601 3690 nteit
617 3641 703 3703 Varro,
722 3639 839 3703 runculis]
863 3642 940 3691 Voss.
958 3639 1077 3690 Farinam
1093 3639 1142 3688 eius
1153 3653 1224 3686 caros
1234 3635 1290 3686 sede

163 3726 270 3776 maculas
282 3725 349 3776 cutis.
372 3726 470 3776 Scribe:
488 3727 585 3777 Farina
601 3726 650 3775 eius
667 3743 745 3788 varon,
760 3725 807 3775 sed
822 3733 845 3774 et
856 3725 963 3774 maculas
974 3724 1035 3774 catis
1047 3732 1093 3774 tom
1105 3737 1202 3787 corpore
1213 3737 1289 3770 einen·

164 3809 214 3861 dat.
232 3813 275 3861 lib.
288 3817 328 3872 29,
344 3819 354 3861 1
372 3810 423 3873 [16,
437 3810 493 3872 23];
522 3811 583 3860 vitea
603 3811 662 3860 cutis
682 3812 707 3861 in
719 3811 792 3875 facie
811 3828 927 3875 varosque
947 3819 970 3859 et
989 3809 1112 3875 lentiqines
1133 3816 1155 3858 et
1175 3805 1291 3872 apulam

164 3895 279 3946 emendat.
298 3905 325 3946 et
336 3912 390 3960 esp.
404 3902 419 3944 4
437 3894 490 3958 [27,
504 3895 561 3958 84];
584 3904 658 3944 cutem
676 3905 767 3961 eruqat,
785 3897 882 3946 nitorem
899 3895 1054 3957 commendat,
1072 3910 1142 3944 uaros
1160 3909 1210 3942 cum
1222 3889 1291 3940 melle

165 3979 231 4030 tollit.
255 3982 328 4030 Vidit
345 3990 369 4032 et
384 3983 524 4032 Pintianus.
547 3982 699 4046 Alluditque
715 3983 850 4046 Andagav.
869 3983 1025 4033 exhibendo:
1044 3981 1139 4030 Farbm
1155 3978 1204 4028 cius
1216 3992 1290 4026 uarro

163 4062 228 4111 sedet
239 4065 353 4114 maculas.
