2918 4794
467 287 572 329 NOTAE
589 282 731 326 AD'LIBR.
747 282 851 324 XXVII·
867 279 985 320 XXVIII.

523 549 590 613 AD
614 547 733 612 LIBR.
756 543 926 609 XXVIII.
964 646 978 656 -

201 696 265 745 Car.
279 693 299 742 1.
313 689 391 754 [inin]
408 688 527 740 Remedia
538 690 663 753 areserrent
675 683 834 746 mansuersos]
853 686 930 733 Voss.
945 691 1071 730 naoersus.
1089 682 1164 733 Alter
1176 689 1288 731 tanaro.

167 778 266 828 Siolib.
280 784 325 837 21,
338 784 353 825 4
367 774 426 837 [10,
439 771 497 835 al]:
516 772 642 822 tralatione
658 786 757 835 quoque,
774 778 800 818 ut
816 769 883 828 vites,
900 769 984 830 optime
1001 766 1158 831 ocyssimeque
1171 766 1289 830 prouenit.

166 862 209 909 lib.
223 866 263 922 29,
277 869 292 910 3
306 859 359 923 [10,
373 856 431 920 3b]:
445 857 517 906 donec
528 855 634 905 candida
644 856 697 917 Jiat
708 873 738 904 ac
750 852 877 903 tralucida.
896 854 995 902 Eodem
1008 853 1052 900 lib.
1067 866 1122 914 cap.
1135 857 1150 898 4
1165 849 1217 912 [27‚
1231 848 1289 912 87]:

166 942 323 1007 distinquente
340 942 402 992 linea
414 942 472 990 alba
484 950 507 990 et
518 950 648 991 novarum
661 939 746 990 altera.
766 941 811 989 lib.
826 945 867 998 31,
882 943 894 988 7
910 936 963 999 [39,
976 935 1021 998 80]
1036 935 1111 1001 plebis
1123 952 1200 999 paene
1216 934 1290 984 tralu-

166 1027 276 1077 centibus.
304 1029 447 1090 ibidemque
464 1024 595 1075 tralucidus
611 1033 634 1073 et
649 1023 835 1073 odoratissimus.
859 1023 903 1071 lib.
921 1027 966 1081 33,
985 1027 1000 1070 6
1019 1018 1076 1082 [33,
1096 1018 1155 1082 101]
1173 1017 1292 1068 candidae

166 1110 315 1173 nitentesque,
326 1127 371 1158 non
384 1119 461 1158 tamen
472 1108 618 1159 tralucentes.
637 1110 736 1158 Eodem
746 1110 811 1157 libro
823 1121 878 1170 esp.
890 1111 904 1154 9
917 1103 969 1166 [43,
982 1102 1042 1165 129]
1054 1102 1167 1167 depressa
1177 1119 1209 1151 an
1219 1101 1291 1164 elata,

169 1202 278 1242 traversa
295 1210 326 1241 an
343 1192 448 1257 obliqua.
467 1196 509 1243 lib.
523 1199 564 1255 35,
580 1199 609 1242 11
625 1191 678 1254 [40,
694 1191 768 1254 126]:
784 1191 910 1240 adversum
927 1205 976 1237 eum
991 1188 1080 1252 pinsit,
1097 1204 1142 1236 non
1155 1195 1291 1236 trauersum.

166 1281 210 1328 lib.
229 1284 274 1340 35,
294 1285 324 1328 14
343 1277 400 1341 [49‚
422 1277 494 1340 173]:
518 1276 631 1327 tralatam
649 1285 726 1325 tamen
743 1276 820 1340 maqis
837 1275 993 1324 mirabantur.
1022 1275 1064 1322 lib.
1083 1279 1128 1334 33,
1148 1280 1163 1323 3
1181 1271 1291 1337 [potiusr

139 1348 145 1359 ’
167 1367 209 1422 os,
223 1367 246 1423 a,
261 1368 300 1423 12,
315 1361 358 1424 u]
372 1360 567 1424 pecorosaque
583 1378 629 1409 non
642 1359 760 1410 tration.
779 1361 821 1411 sn
834 1360 952 1408 omnibus
964 1359 1005 1407 ms
1018 1359 1081 1407 loeis
1098 1359 1162 1407 iiber
1173 1360 1292 1422 optimus.

202 1446 239 1508 [2,
252 1444 279 1507 4]
304 1446 335 1495 Ut
346 1445 476 1493 virentibus
488 1444 581 1508 poculis
598 1443 727 1493 comitiales
739 1443 827 1506 morbi]
846 1445 889 1494 Sic
902 1443 1031 1502 Gelenius,
1049 1458 1106 1490 cum
1120 1445 1246 1492 ederetur:
1264 1450 1289 1490 ut

169 1531 294 1578 bibentibus
306 1528 402 1593 populis
416 1528 501 1592 procul
516 1529 564 1577 sint
580 1529 710 1585 comitiales
721 1529 802 1578 morbi.
825 1529 958 1578 Pintianus
970 1527 1090 1577 reddidit:
1107 1534 1134 1574 ut
1146 1525 1231 1590 procul
1246 1527 1294 1575 sint

168 1612 295 1662 coinitiales
307 1614 389 1674 morbi,
407 1616 501 1664 extrito
519 1611 559 1677 τῷ
575 1613 714 1662 bibentibus:
732 1629 790 1663 cum
807 1615 833 1661 in
850 1614 944 1676 scripto
961 1613 1105 1675 reperisset:
1123 1620 1149 1659 ut
1165 1612 1294 1660 bibentibus
1342 1624 1345 1631 ·

164 1698 261 1761 populis
277 1698 405 1747 comitiales
420 1698 505 1747 morbi:
523 1700 594 1761 quod
610 1700 686 1748 etiam
702 1701 729 1747 in
747 1699 848 1748 Chiflet.
866 1704 991 1746 notatum.
1011 1697 1127 1757 Quatuor
1142 1710 1220 1759 penes
1235 1711 1293 1744 nos:

168 1791 193 1829 ut
206 1783 332 1831 bibentibus
345 1781 430 1846 procul
445 1782 492 1830 sint
505 1780 635 1829 comitiales
646 1781 730 1829 morbi.
748 1781 997 1830 Praestantissimns:
1014 1787 1040 1826 ut
1057 1779 1185 1855 viventibus
1197 1777 1293 1841 populis
1363 1812 1369 1821 ,

168 1867 296 1915 comitiales
313 1867 396 1916 morbi.
418 1867 547 1916 Coniieio:
565 1863 710 1929 sanquinem
728 1880 819 1926 quoque
833 1862 994 1927 qladiatorum
1013 1863 1101 1922 bibunt,
1119 1870 1144 1910 ut
1160 1861 1293 1910 iuuantibus

166 1951 264 2015 poculis,
281 1949 410 1999 comitiales
425 1949 505 1998 morbi.
531 1950 651 1999 Fortasse
667 1964 797 1998 morosum
813 1949 897 1996 minus
914 1947 991 1995 alicui
1008 1947 1146 1996 videretur:
1167 1955 1193 1994 ut
1209 1946 1292 1994 iunon-

169 2036 229 2083 tibus
240 2033 334 2098 poculis
350 2033 479 2083 comitiales
496 2034 592 2082 morbos.
616 2032 666 2082 Sed
684 2033 743 2095 quia
761 2048 848 2081 omnes
865 2032 951 2094 scripti
968 2031 1057 2079 fovent
1073 2027 1104 2078 τὸ
1124 2030 1207 2090 morbi,
1225 2041 1249 2080 et
1266 2031 1293 2079 id

169 2121 273 2169 dictioni
289 2120 363 2169 Plinii
379 2121 440 2170 satis
456 2119 585 2180 congruit,
602 2117 667 2166 illud
683 2116 809 2180 praefero.
839 2112 974 2164 dornitiales
991 2114 1078 2175 morbi,
1094 2116 1188 2178 inquit,
1205 2116 1231 2164 id
1249 2123 1294 2176 est,

169 2205 290 2255 comitiali
301 2205 370 2253 malo
383 2203 485 2263 adfecti,
502 2203 651 2264 sangninem
664 2215 765 2264 quoqne
777 2201 868 2250 bibunt
879 2200 1060 2269 gladiatorum,
1078 2209 1200 2263 tanquam
1211 2200 1294 2248 iuvan-

170 2287 230 2335 tibus
239 2286 339 2350 poculis‚
352 2290 471 2336 adversus
484 2287 537 2334 eius
549 2285 631 2334 m'orbi
644 2285 779 2334 diritatem.

204 2371 240 2433 [2,
253 2369 281 2433 9]
299 2371 382 2432 Aeque
393 2369 491 2417 nroriere
503 2369 582 2427 etiam,
598 2385 649 2417 cum
661 2367 798 2430 obscoenus]
817 2369 951 2418 Pintianus
964 2383 977 2417 e
989 2370 1044 2417 cod.
1057 2383 1104 2418 suo
1117 2370 1207 2430 probat
1222 2383 1293 2429 quam

169 2458 304 2505 obscoenus:
325 2463 354 2503 ut
371 2463 396 2502 et
414 2453 494 2503 estin
511 2453 651 2503 Vossiano:
673 2463 758 2502 tamen
775 2468 806 2501 ea
821 2454 947 2516 particula
968 2452 1053 2501 locum
1072 2452 1114 2500 hie
1130 2452 1224 2501 habere
1240 2466 1294 2500 non

169 2543 273 2590 videtur.
291 2540 349 2589 Hoc
361 2540 428 2587 enim
441 2539 509 2598 dicit,
522 2552 576 2586 non
587 2537 670 2598 magis
682 2537 737 2586 lore
749 2546 778 2586 nt
790 2545 898 2585 mortem
911 2536 1024 2599 effugiat,
1037 2537 1081 2600 qui
1092 2536 1204 2600 prosena
1215 2537 1294 2586 vitam

170 2626 216 2673 sibi
233 2626 349 2673 videatur
365 2623 506 2672 obscoenus
523 2631 567 2671 aut
582 2621 707 2671 nefandus
724 2622 758 2670 ob
769 2623 928 2685 Thyestaeas
946 2623 1035 2685 epulus
1054 2630 1098 2670 aut
1116 2622 1149 2670 ob
1162 2622 1294 2670 hominem

171 2710 322 2772 impensam,
340 2723 418 2771 quam
436 2706 456 2757 si
469 2707 602 2756 mansisset
614 2721 692 2770 purus
705 2713 730 2755 et
742 2707 827 2756 anima
838 2713 926 2755 sancta
938 2715 1015 2768 atque
1030 2706 1103 2754 istius
1115 2706 1205 2770 culpae
1215 2706 1294 2755 inscia

170 2795 339 2843 descendisset
350 2795 382 2842 ad
394 2805 489 2841 manes.
507 2791 587 2841 Recte
599 2791 676 2853 igitur
688 2807 757 2854 quum
772 2792 813 2840 vel
829 2807 880 2839 cum
897 2792 956 2840 inde
973 2790 1096 2841 fecerunt.
1114 2791 1226 2840 Facilius
1242 2790 1292 2839 ier·

170 2893 222 2927 rem
236 2875 266 2925 τὸ
280 2892 359 2938 quam,
373 2877 394 2924 si
406 2873 436 2923 τὸ
450 2875 521 2922 etiam
533 2877 640 2925 abesset.

205 2961 269 3011 011².
283 2960 318 3008 Π.
332 2957 369 3020 [3,
384 2956 427 3018 10]
450 2957 552 3014 Quodsi
567 2973 645 3005 uerum
658 2965 699 3018 est,
717 2957 806 3005 bomini
821 2966 940 3021 acceptum
951 2959 1020 3019 ferri
1034 2959 1153 3021 oportere]
1172 2961 1294 3009 Vossiani

170 3060 228 3104 tres,
241 3045 308 3095 Gud.
332 3043 414 3093 Acad.
426 3048 545 3103 acceptum
555 3040 618 3102 fieri
632 3049 745 3103 oportere.
767 3041 804 3088 sio
815 3041 858 3090 lib.
872 3047 913 3100 34,
928 3048 959 3090 14
974 3039 1027 3102 [39,
1044 3039 1117 3102 138]:
1134 3042 1293 3099 Quamobrem

170 3128 240 3192 culpa
255 3128 303 3176 eius
318 3142 364 3174 uon
381 3133 483 3174 naturae
492 3124 545 3187 fiat
561 3132 666 3187 accepta.
690 3133 716 3173 et
731 3127 820 3174 eodem
836 3122 865 3186 [l.
878 3139 933 3187 cap.
947 3131 987 3185 41,
1003 3122 1075 3185 142]:
1093 3123 1124 3172 In
1139 3122 1294 3188 Cappadocia

171 3221 259 3260 tantum
272 3210 377 3274 quaestio
389 3217 431 3271 est,
443 3224 520 3272 aquae
532 3216 575 3256 aut
587 3216 664 3256 terrae
673 3207 726 3270 fiat
737 3216 863 3271 acceptum.
882 3209 924 3257 lib.
937 3215 961 3269 3,
977 3212 1006 3258 17
1021 3206 1074 3270 [22,
1085 3207 1142 3270 61]:
1155 3208 1295 3272 Numquae

171 3296 199 3345 de
212 3297 343 3360 irtfantibus
352 3295 465 3357 ferarum
484 3292 544 3341 lacte
560 3293 664 3353 nutritis,
682 3308 733 3341 cum
745 3300 820 3340 essent
836 3292 944 3355 expositi,
958 3291 1101 3356 produntur,
1118 3292 1179 3341 sicut
1195 3291 1224 3342 de
1240 3310 1294 3342 con·

171 3380 284 3430 ditoribus
296 3380 382 3428 nostris
394 3396 410 3427 a
423 3377 487 3442 lupa,
505 3376 664 3442 moqnitudini
672 3377 783 3439 fatorum
796 3384 895 3440 accepta
904 3376 967 3439 ficri
979 3377 1083 3440 aequius,
1101 3393 1172 3440 quam
1181 3378 1294 3440 serarum

171 3473 278 3526 naturae,
290 3464 401 3513 arbitror.
420 3463 462 3514 sie
475 3463 543 3513 enim
556 3463 655 3512 Chiflet.
669 3471 694 3513 et
704 3462 825 3512 Vossiani
837 3463 896 3522 duo,
910 3464 953 3511 ubi
966 3462 1042 3526 vulgo
1055 3464 1132 3512 etiam
1141 3462 1216 3526 ferri.
1236 3462 1294 3512 Scio

171 3560 255 3598 tamen
267 3551 310 3598 lib.
324 3556 348 3610 2,
362 3553 374 3598 7
389 3546 425 3609 [5,
439 3545 496 3609 23]:
513 3546 566 3595 bum
578 3547 657 3595 omnia
669 3562 778 3610 expensa,
791 3545 844 3595 buic
853 3548 970 3609 feruntur
985 3555 1090 3612 accepta.
1113 3558 1138 3597 et
1150 3549 1194 3596 lib.
1209 3554 1248 3608 12,
1263 3554 1293 3597 18

124 3665 125 3670 ,
173 3631 225 3693 [41,
237 3630 294 3693 82]:
311 3648 371 3695 quae
383 3631 426 3680 boc
437 3639 555 3695 acceptum
566 3631 658 3694 superis
667 3619 746 3694 serat.
769 3632 868 3681 Plinius
880 3631 944 3681 alter
956 3632 1000 3681 lib.
1014 3638 1037 3681 2.
1051 3633 1121 3696 epist.
1135 3640 1151 3681 4
1165 3630 1217 3693 [2]:
1230 3630 1295 3693 quic·

171 3715 232 3777 quid
246 3716 303 3764 mibi
317 3725 389 3780 pater
407 3725 459 3765 tuus
475 3715 563 3776 debuit,
580 3723 700 3779 acceptum
719 3715 761 3763 tibi
769 3715 839 3778 serri
854 3716 928 3763 iubeo.
958 3716 1009 3766 Ubi
1027 3726 1114 3764 tamen
1131 3717 1294 3764 membranae

171 3801 253 3848 Aoad.
269 3814 320 3849 non
336 3802 501 3864 spernendae,
519 3807 639 3863 acceptam
658 3798 701 3847 tibi
708 3799 777 3861 fieri.
801 3800 867 3848 Nam
881 3808 906 3849 et
918 3801 953 3848 sic
966 3800 1010 3849 lib.
1025 3806 1047 3849 6.
1066 3801 1138 3863 epist.
1152 3806 1184 3849 34
1198 3798 1251 3861 [3]:
1271 3806 1296 3846 tu

173 3894 248 3934 tamen
260 3885 374 3947 mernisti,
386 3894 411 3933 ut
423 3892 541 3949 acceptum
555 3883 597 3932 tibi
605 3885 686 3947 fieret.

206 3965 295 4029 [Ibin]
318 3967 410 4033 Quippe
421 3969 529 4018 uictimas
541 3968 610 4017 caedi
620 3968 671 4016 sine
685 3967 821 4032 precatione
837 3984 883 4016 non
901 3966 992 4016 uidetur·
1008 3967 1105 4028 referre,
1123 3983 1164 4015 nec
1180 3965 1234 4014 deos
1249 3967 1294 4014 rite
1309 3973 1356 4018 798

171 4050 271 4113 canuit]
290 4053 360 4103 Haec
378 4069 433 4105 osse
449 4054 641 4118 corruptissima
657 4055 785 4102 exclamat
798 4052 937 4102 Salmasius
954 4053 986 4100 ad
1000 4052 1117 4102 Solinum
1133 4068 1159 4116 p.
1173 4056 1229 4101 585.
1245 4066 1293 4101 nee

171 4138 321 4185 sententiam
333 4137 420 4199 ullam,
437 4140 505 4188 bona
522 4154 586 4202 quae
603 4139 643 4198 sit,
661 4137 771 4187 efficere:
789 4146 886 4187 veteres
903 4137 982 4186 libros
996 4150 1085 4185 omnes
1097 4136 1191 4199 legere,
1207 4135 1296 4197 referri

1070 4217 1091 4280 4
