<?xml version="1.0" encoding="UTF-8"?>
<!DOCTYPE html PUBLIC "-//W3C//DTD XHTML 1.0 Transitional//EN"
    "http://www.w3.org/TR/xhtml1/DTD/xhtml1-transitional.dtd">
<html xmlns="http://www.w3.org/1999/xhtml" xml:lang="en" lang="en">
 <head>
  <title>
</title>
<meta http-equiv="Content-Type" content="text/html;charset=utf-8" />
  <meta name='ocr-system' content='tesseract 3.04.00' />
  <meta name='ocr-capabilities' content='ocr_page ocr_carea ocr_par ocr_line ocrx_word'/>
</head>
<body>
  <div class='ocr_page' id='page_1' title='image "./cplinisecundina14plingoog_0342.png"; bbox 0 0 2918 4794; ppageno 0'>
   <div class='ocr_carea' id='block_1_1' title="bbox 547 230 1288 297">
    <p class='ocr_par' dir='ltr' id='par_1_1' title="bbox 547 230 1288 297">
     <span class='ocr_line' id='line_1_1' title="bbox 547 230 1288 297; baseline -0.008 0"><span class='ocrx_word' id='word_1_1' title='bbox 547 256 656 297; x_wconf 75' lang='lat' dir='ltr'><strong>aaran</strong></span> <span class='ocrx_word' id='word_1_2' title='bbox 672 255 715 295; x_wconf 73' lang='lat' dir='ltr'><strong>ln</strong></span> <span class='ocrx_word' id='word_1_3' title='bbox 729 254 812 294; x_wconf 80' lang='lat' dir='ltr'><strong>men.</strong></span> <span class='ocrx_word' id='word_1_4' title='bbox 828 253 898 292; x_wconf 85' lang='lat' dir='ltr'><strong>xxr.</strong></span> <span class='ocrx_word' id='word_1_5' title='bbox 1248 230 1288 292; x_wconf 77' lang='lat'><strong>23</strong></span> 
     </span>
    </p>
   </div>
   <div class='ocr_carea' id='block_1_2' title="bbox 159 398 1289 1147">
    <p class='ocr_par' dir='ltr' id='par_1_2' title="bbox 165 398 1288 630">
     <span class='ocr_line' id='line_1_2' title="bbox 165 398 1288 481; baseline -0.009 -22"><span class='ocrx_word' id='word_1_6' title='bbox 165 411 303 475; x_wconf 65' lang='lat' dir='ltr'><strong>prrfferrent</strong></span> <span class='ocrx_word' id='word_1_7' title='bbox 313 425 390 458; x_wconf 88' lang='lat' dir='ltr'><strong>arma.</strong></span> <span class='ocrx_word' id='word_1_8' title='bbox 407 407 506 457; x_wconf 77' lang='lat' dir='ltr'>Plinius</span> <span class='ocrx_word' id='word_1_9' title='bbox 518 407 572 469; x_wconf 90' lang='lat' dir='ltr'><strong>ipse</strong></span> <span class='ocrx_word' id='word_1_10' title='bbox 584 406 600 454; x_wconf 87' lang='lat'><strong>1.</strong></span> <span class='ocrx_word' id='word_1_11' title='bbox 616 411 654 466; x_wconf 87' lang='lat'><strong>18,</strong></span> <span class='ocrx_word' id='word_1_12' title='bbox 666 407 696 455; x_wconf 86' lang='lat'><strong>17</strong></span> <span class='ocrx_word' id='word_1_13' title='bbox 708 401 816 467; x_wconf 75' lang='lat' dir='ltr'><strong>[potinsz</strong></span> <span class='ocrx_word' id='word_1_14' title='bbox 831 409 870 463; x_wconf 83' lang='lat'><strong>18,</strong></span> <span class='ocrx_word' id='word_1_15' title='bbox 883 407 922 464; x_wconf 86' lang='lat' dir='ltr'><strong>lo,</strong></span> <span class='ocrx_word' id='word_1_16' title='bbox 932 408 972 481; x_wconf 70' lang='lat' dir='ltr'><strong>ta,</strong></span> <span class='ocrx_word' id='word_1_17' title='bbox 985 398 1044 462; x_wconf 77' lang='lat'>144]</span> <span class='ocrx_word' id='word_1_18' title='bbox 1058 404 1089 450; x_wconf 87' lang='lat' dir='ltr'><strong>de</strong></span> <span class='ocrx_word' id='word_1_19' title='bbox 1101 403 1210 452; x_wconf 84' lang='lat' dir='ltr'><strong>medica:</strong></span> <span class='ocrx_word' id='word_1_20' title='bbox 1222 401 1288 465; x_wconf 83' lang='lat' dir='ltr'><strong>quic-</strong></span> 
     </span>
     <span class='ocr_line' id='line_1_3' title="bbox 168 485 1288 558; baseline -0.01 -13"><span class='ocrx_word' id='word_1_21' title='bbox 168 494 226 558; x_wconf 86' lang='lat' dir='ltr'><strong>quid</strong></span> <span class='ocrx_word' id='word_1_22' title='bbox 240 495 265 543; x_wconf 87' lang='lat' dir='ltr'><strong>in</strong></span> <span class='ocrx_word' id='word_1_23' title='bbox 280 492 346 542; x_wconf 89' lang='lat' dir='ltr'><strong>caule</strong></span> <span class='ocrx_word' id='word_1_24' title='bbox 362 491 478 556; x_wconf 83' lang='lat' dir='ltr'><strong>adsurpit,</strong></span> <span class='ocrx_word' id='word_1_25' title='bbox 486 489 556 552; x_wconf 86' lang='lat' dir='ltr'><strong>solia</strong></span> <span class='ocrx_word' id='word_1_26' title='bbox 572 487 750 552; x_wconf 79' lang='lat' dir='ltr'><strong>contraduntur.</strong></span> <span class='ocrx_word' id='word_1_27' title='bbox 770 488 846 550; x_wconf 82' lang='lat' dir='ltr'><strong>Quod</strong></span> <span class='ocrx_word' id='word_1_28' title='bbox 863 488 940 536; x_wconf 88' lang='lat' dir='ltr'><strong>etiam</strong></span> <span class='ocrx_word' id='word_1_29' title='bbox 952 486 978 535; x_wconf 92' lang='lat' dir='ltr'><strong>in</strong></span> <span class='ocrx_word' id='word_1_30' title='bbox 990 485 1159 548; x_wconf 79' lang='lat' dir='ltr'><strong>superioribus</strong></span> <span class='ocrx_word' id='word_1_31' title='bbox 1171 487 1288 536; x_wconf 84' lang='lat' dir='ltr'><strong>editioni·</strong></span> 
     </span>
     <span class='ocr_line' id='line_1_4' title="bbox 166 581 358 630; baseline -0.016 -1"><span class='ocrx_word' id='word_1_32' title='bbox 166 581 358 630; x_wconf 86' lang='lat' dir='ltr'><strong>busvexarunt.</strong></span> 
     </span>
    </p>

    <p class='ocr_par' dir='ltr' id='par_1_3' title="bbox 168 653 1288 807">
     <span class='ocr_line' id='line_1_5' title="bbox 202 653 1288 724; baseline -0.01 -11"><span class='ocrx_word' id='word_1_33' title='bbox 202 662 260 724; x_wconf 86' lang='grc'>[19,</span> <span class='ocrx_word' id='word_1_34' title='bbox 276 661 321 724; x_wconf 81' lang='grc'>41]</span> <span class='ocrx_word' id='word_1_35' title='bbox 340 660 423 711; x_wconf 80' lang='lat' dir='ltr'><em>Floret</em></span> <span class='ocrx_word' id='word_1_36' title='bbox 438 657 527 708; x_wconf 83' lang='lat' dir='ltr'><strong>diversi</strong></span> <span class='ocrx_word' id='word_1_37' title='bbox 542 656 627 706; x_wconf 86' lang='lat' dir='ltr'><strong>coloris</strong></span> <span class='ocrx_word' id='word_1_38' title='bbox 643 654 729 722; x_wconf 89' lang='lat' dir='ltr'><strong>specie]</strong></span> <span class='ocrx_word' id='word_1_39' title='bbox 748 656 902 716; x_wconf 81' lang='lat' dir='ltr'>Vossianus,</span> <span class='ocrx_word' id='word_1_40' title='bbox 918 664 947 705; x_wconf 91' lang='lat' dir='ltr'><strong>ut</strong></span> <span class='ocrx_word' id='word_1_41' title='bbox 962 655 1074 705; x_wconf 86' lang='lat' dir='ltr'><strong>Pintiani</strong></span> <span class='ocrx_word' id='word_1_42' title='bbox 1092 656 1185 704; x_wconf 85' lang='lat' dir='ltr'><strong>codex:</strong></span> <span class='ocrx_word' id='word_1_43' title='bbox 1206 653 1288 704; x_wconf 82' lang='lat' dir='ltr'><em>Floret</em></span> 
     </span>
     <span class='ocr_line' id='line_1_6' title="bbox 168 739 760 807; baseline -0.01 -13"><span class='ocrx_word' id='word_1_44' title='bbox 168 746 320 796; x_wconf 74' lang='lat' dir='ltr'><strong>amnicoloris.</strong></span> <span class='ocrx_word' id='word_1_45' title='bbox 337 746 421 807; x_wconf 86' lang='lat' dir='ltr'><strong>Lege:</strong></span> <span class='ocrx_word' id='word_1_46' title='bbox 433 742 517 793; x_wconf 81' lang='lat' dir='ltr'><strong><em>Floret</em></strong></span> <span class='ocrx_word' id='word_1_47' title='bbox 529 739 666 790; x_wconf 75' lang='lat' dir='ltr'><strong>vmsicdori</strong></span> <span class='ocrx_word' id='word_1_48' title='bbox 675 740 760 804; x_wconf 84' lang='lat' dir='ltr'><strong>specie.</strong></span> 
     </span>
    </p>

    <p class='ocr_par' dir='ltr' id='par_1_4' title="bbox 159 822 1289 1147">
     <span class='ocr_line' id='line_1_7' title="bbox 202 822 1287 891; baseline -0.005 -13"><span class='ocrx_word' id='word_1_49' title='bbox 202 828 259 891; x_wconf 70' lang='lat' dir='ltr'><strong>sse,</strong></span> <span class='ocrx_word' id='word_1_50' title='bbox 276 827 322 890; x_wconf 80' lang='lat' dir='ltr'><strong>ta]</strong></span> <span class='ocrx_word' id='word_1_51' title='bbox 344 827 417 879; x_wconf 90' lang='lat' dir='ltr'><strong>Nunc</strong></span> <span class='ocrx_word' id='word_1_52' title='bbox 437 824 626 891; x_wconf 78' lang='lat' dir='ltr'><strong>ePamplrplia:</strong></span> <span class='ocrx_word' id='word_1_53' title='bbox 646 823 689 874; x_wconf 83' lang='lat' dir='ltr'><strong>ced</strong></span> <span class='ocrx_word' id='word_1_54' title='bbox 708 823 813 874; x_wconf 77' lang='lat' dir='ltr'><strong>Cilicium</strong></span> <span class='ocrx_word' id='word_1_55' title='bbox 837 823 938 872; x_wconf 78' lang='lat' dir='ltr'><strong>maxime</strong></span> <span class='ocrx_word' id='word_1_56' title='bbox 955 822 1079 886; x_wconf 83' lang='lat' dir='ltr'><strong>laudatur]</strong></span> <span class='ocrx_word' id='word_1_57' title='bbox 1103 826 1209 874; x_wconf 84' lang='lat' dir='ltr'><strong>Rectius</strong></span> <span class='ocrx_word' id='word_1_58' title='bbox 1226 825 1287 873; x_wconf 87' lang='lat' dir='ltr'><strong>Mss.</strong></span> 
     </span>
     <span class='ocr_line' id='line_1_8' title="bbox 166 906 1289 978; baseline -0.007 -15"><span class='ocrx_word' id='word_1_59' title='bbox 166 915 333 978; x_wconf 82' lang='lat' dir='ltr'><strong>primicerius:</strong></span> <span class='ocrx_word' id='word_1_60' title='bbox 346 927 406 960; x_wconf 91' lang='lat' dir='ltr'><strong>nunc</strong></span> <span class='ocrx_word' id='word_1_61' title='bbox 418 918 440 959; x_wconf 93' lang='lat' dir='ltr'><strong>et</strong></span> <span class='ocrx_word' id='word_1_62' title='bbox 451 908 605 975; x_wconf 75' lang='lat' dir='ltr'><strong>Pamphylia.</strong></span> <span class='ocrx_word' id='word_1_63' title='bbox 622 910 739 969; x_wconf 89' lang='lat' dir='ltr'><strong>Dixerat,</strong></span> <span class='ocrx_word' id='word_1_64' title='bbox 753 908 865 972; x_wconf 89' lang='lat' dir='ltr'><strong>optimum</strong></span> <span class='ocrx_word' id='word_1_65' title='bbox 878 915 950 957; x_wconf 74' lang='lat' dir='ltr'><strong>anna</strong></span> <span class='ocrx_word' id='word_1_66' title='bbox 961 907 1045 957; x_wconf 89' lang='lat' dir='ltr'><strong>irinum</strong></span> <span class='ocrx_word' id='word_1_67' title='bbox 1058 907 1171 958; x_wconf 88' lang='lat' dir='ltr'><strong>Leucade</strong></span> <span class='ocrx_word' id='word_1_68' title='bbox 1183 917 1205 956; x_wconf 89' lang='lat' dir='ltr'><strong>et</strong></span> <span class='ocrx_word' id='word_1_69' title='bbox 1216 906 1289 956; x_wconf 83' lang='lat' dir='ltr'><em>Elide</em></span> 
     </span>
     <span class='ocr_line' id='line_1_9' title="bbox 159 993 1289 1063; baseline -0.004 -16"><span class='ocrx_word' id='word_1_70' title='bbox 159 1000 295 1063; x_wconf 87' lang='lat' dir='ltr'><strong>serebatur.</strong></span> <span class='ocrx_word' id='word_1_71' title='bbox 322 996 455 1058; x_wconf 80' lang='lat' dir='ltr'><strong>significas</strong></span> <span class='ocrx_word' id='word_1_72' title='bbox 474 1008 543 1045; x_wconf 90' lang='lat' dir='ltr'><strong>nunc</strong></span> <span class='ocrx_word' id='word_1_73' title='bbox 562 1008 595 1043; x_wconf 89' lang='lat' dir='ltr'><strong>ne</strong></span> <span class='ocrx_word' id='word_1_74' title='bbox 615 995 674 1044; x_wconf 89' lang='lat' dir='ltr'><strong>inde</strong></span> <span class='ocrx_word' id='word_1_75' title='bbox 695 995 797 1057; x_wconf 89' lang='lat' dir='ltr'><strong>quidem</strong></span> <span class='ocrx_word' id='word_1_76' title='bbox 813 993 928 1054; x_wconf 87' lang='lat' dir='ltr'><strong>desiisse,</strong></span> <span class='ocrx_word' id='word_1_77' title='bbox 949 994 1087 1042; x_wconf 86' lang='lat' dir='ltr'><strong>sedetiam</strong></span> <span class='ocrx_word' id='word_1_78' title='bbox 1105 994 1289 1057; x_wconf 85' lang='lat' dir='ltr'><strong>ePamphylia</strong></span> 
     </span>
     <span class='ocr_line' id='line_1_10' title="bbox 167 1075 1287 1147; baseline -0.007 -15"><span class='ocrx_word' id='word_1_79' title='bbox 167 1083 303 1147; x_wconf 86' lang='lat' dir='ltr'><strong>apportari.</strong></span> <span class='ocrx_word' id='word_1_80' title='bbox 321 1081 414 1133; x_wconf 82' lang='lat' dir='ltr'><strong>Omisit</strong></span> <span class='ocrx_word' id='word_1_81' title='bbox 430 1086 517 1129; x_wconf 86' lang='lat' dir='ltr'><strong>autom</strong></span> <span class='ocrx_word' id='word_1_82' title='bbox 532 1077 759 1142; x_wconf 77' lang='lat' dir='ltr'><strong>praepositionem,</strong></span> <span class='ocrx_word' id='word_1_83' title='bbox 775 1086 804 1127; x_wconf 91' lang='lat' dir='ltr'><strong>ut</strong></span> <span class='ocrx_word' id='word_1_84' title='bbox 820 1085 846 1127; x_wconf 88' lang='lat' dir='ltr'><strong>ot</strong></span> <span class='ocrx_word' id='word_1_85' title='bbox 863 1079 895 1127; x_wconf 87' lang='lat' dir='ltr'><strong>ad</strong></span> <span class='ocrx_word' id='word_1_86' title='bbox 911 1075 994 1127; x_wconf 82' lang='lat' dir='ltr'><em>Elide.</em></span> <span class='ocrx_word' id='word_1_87' title='bbox 1012 1078 1111 1128; x_wconf 83' lang='lat' dir='ltr'><strong>Deinde</strong></span> <span class='ocrx_word' id='word_1_88' title='bbox 1127 1078 1194 1126; x_wconf 88' lang='lat' dir='ltr'><strong>idem</strong></span> <span class='ocrx_word' id='word_1_89' title='bbox 1212 1076 1287 1124; x_wconf 88' lang='lat' dir='ltr'><strong>liber:</strong></span> 
     </span>
    </p>
   </div>
   <div class='ocr_carea' id='block_1_3' title="bbox 166 1158 1378 1226">
    <p class='ocr_par' dir='ltr' id='par_1_5' title="bbox 166 1158 1378 1226">
     <span class='ocr_line' id='line_1_11' title="bbox 166 1158 1378 1226; baseline -0.006 -14"><span class='ocrx_word' id='word_1_90' title='bbox 166 1163 210 1212; x_wconf 83' lang='lat' dir='ltr'><strong>sed</strong></span> <span class='ocrx_word' id='word_1_91' title='bbox 232 1163 329 1213; x_wconf 83' lang='lat' dir='ltr'><strong>Cilicum</strong></span> <span class='ocrx_word' id='word_1_92' title='bbox 349 1179 400 1212; x_wconf 82' lang='lat' dir='ltr'><strong>cunr</strong></span> <span class='ocrx_word' id='word_1_93' title='bbox 420 1162 524 1212; x_wconf 78' lang='lat' dir='ltr'><strong>maxime</strong></span> <span class='ocrx_word' id='word_1_94' title='bbox 540 1161 661 1211; x_wconf 87' lang='lat' dir='ltr'><strong>laudatar.</strong></span> <span class='ocrx_word' id='word_1_95' title='bbox 683 1162 825 1212; x_wconf 84' lang='lat' dir='ltr'><strong>Praeclare.</strong></span> <span class='ocrx_word' id='word_1_96' title='bbox 840 1161 984 1226; x_wconf 84' lang='lat' dir='ltr'><strong>¹Pintienus</strong></span> <span class='ocrx_word' id='word_1_97' title='bbox 1002 1162 1126 1211; x_wconf 87' lang='lat' dir='ltr'><strong>tentabat:</strong></span> <span class='ocrx_word' id='word_1_98' title='bbox 1147 1158 1288 1222; x_wconf 77' lang='lat' dir='ltr'><strong>iampridem</strong></span> <span class='ocrx_word' id='word_1_99' title='bbox 1375 1181 1378 1185; x_wconf 88' lang='lat'><em>-</em></span> 
     </span>
    </p>
   </div>
   <div class='ocr_carea' id='block_1_4' title="bbox 85 1245 1289 4271">
    <p class='ocr_par' dir='ltr' id='par_1_6' title="bbox 165 1245 1289 1649">
     <span class='ocr_line' id='line_1_12' title="bbox 167 1245 1289 1311; baseline -0.002 -16"><span class='ocrx_word' id='word_1_100' title='bbox 167 1248 228 1295; x_wconf 90' lang='lat' dir='ltr'><strong>enim</strong></span> <span class='ocrx_word' id='word_1_101' title='bbox 245 1255 344 1296; x_wconf 79' lang='lat' dir='ltr'><strong>etnam</strong></span> <span class='ocrx_word' id='word_1_102' title='bbox 357 1248 441 1311; x_wconf 85' lang='lat' dir='ltr'><strong>fertur</strong></span> <span class='ocrx_word' id='word_1_103' title='bbox 457 1263 470 1295; x_wconf 90' lang='lat' dir='ltr'><strong>e</strong></span> <span class='ocrx_word' id='word_1_104' title='bbox 485 1245 648 1311; x_wconf 73' lang='lat' dir='ltr'><strong>Pamphylia,</strong></span> <span class='ocrx_word' id='word_1_105' title='bbox 665 1247 827 1296; x_wconf 87' lang='lat' dir='ltr'><strong>commutatis</strong></span> <span class='ocrx_word' id='word_1_106' title='bbox 843 1247 934 1295; x_wconf 87' lang='lat' dir='ltr'><strong>verbis.</strong></span> <span class='ocrx_word' id='word_1_107' title='bbox 957 1245 1086 1295; x_wconf 83' lang='lat' dir='ltr'><strong>Nimirum</strong></span> <span class='ocrx_word' id='word_1_108' title='bbox 1101 1245 1241 1294; x_wconf 85' lang='lat' dir='ltr'><strong>mirabatur</strong></span> <span class='ocrx_word' id='word_1_109' title='bbox 1257 1246 1289 1293; x_wconf 89' lang='lat' dir='ltr'><strong>ad</strong></span> 
     </span>
     <span class='ocr_line' id='line_1_13' title="bbox 165 1329 1289 1396; baseline -0.003 -15"><span class='ocrx_word' id='word_1_110' title='bbox 165 1332 237 1394; x_wconf 85' lang='lat' dir='ltr'><strong>illud,</strong></span> <span class='ocrx_word' id='word_1_111' title='bbox 254 1330 432 1396; x_wconf 78' lang='lat' dir='ltr'><strong>ePamplsplia,</strong></span> <span class='ocrx_word' id='word_1_112' title='bbox 453 1331 582 1381; x_wconf 81' lang='lat' dir='ltr'><strong>subaudiri</strong></span> <span class='ocrx_word' id='word_1_113' title='bbox 595 1331 687 1394; x_wconf 87' lang='lat' dir='ltr'><strong>fertur,</strong></span> <span class='ocrx_word' id='word_1_114' title='bbox 706 1346 763 1380; x_wconf 90' lang='lat' dir='ltr'><strong>cum</strong></span> <span class='ocrx_word' id='word_1_115' title='bbox 779 1331 964 1380; x_wconf 81' lang='lat' dir='ltr'><strong>intercessisset</strong></span> <span class='ocrx_word' id='word_1_116' title='bbox 978 1329 1071 1379; x_wconf 86' lang='lat' dir='ltr'><strong>seritur.</strong></span> <span class='ocrx_word' id='word_1_117' title='bbox 1095 1329 1145 1380; x_wconf 87' lang='lat' dir='ltr'><strong>Sed</strong></span> <span class='ocrx_word' id='word_1_118' title='bbox 1162 1330 1231 1392; x_wconf 90' lang='lat' dir='ltr'><strong>quod</strong></span> <span class='ocrx_word' id='word_1_119' title='bbox 1251 1338 1289 1379; x_wconf 86' lang='lat' dir='ltr'><strong>est</strong></span> 
     </span>
     <span class='ocr_line' id='line_1_14' title="bbox 167 1414 1288 1480; baseline -0.003 -13"><span class='ocrx_word' id='word_1_120' title='bbox 167 1419 198 1467; x_wconf 86' lang='lat' dir='ltr'><strong>de</strong></span> <span class='ocrx_word' id='word_1_121' title='bbox 215 1418 325 1477; x_wconf 87' lang='lat' dir='ltr'><strong>satione,</strong></span> <span class='ocrx_word' id='word_1_122' title='bbox 343 1417 519 1480; x_wconf 84' lang='lat' dir='ltr'><strong>accipiendum</strong></span> <span class='ocrx_word' id='word_1_123' title='bbox 536 1431 581 1480; x_wconf 91' lang='lat' dir='ltr'><strong>per</strong></span> <span class='ocrx_word' id='word_1_124' title='bbox 598 1416 767 1480; x_wconf 87' lang='lat' dir='ltr'><strong>parenthesin</strong></span> <span class='ocrx_word' id='word_1_125' title='bbox 777 1415 967 1478; x_wconf 85' lang='lat' dir='ltr'><strong>interpositum,</strong></span> <span class='ocrx_word' id='word_1_126' title='bbox 985 1416 1037 1473; x_wconf 77' lang='lat' dir='ltr'><strong>hoc</strong></span> <span class='ocrx_word' id='word_1_127' title='bbox 1053 1417 1144 1465; x_wconf 88' lang='lat' dir='ltr'><strong>modo:</strong></span> <span class='ocrx_word' id='word_1_128' title='bbox 1170 1414 1288 1478; x_wconf 85' lang='lat' dir='ltr'><strong>Optimum</strong></span> 
     </span>
     <span class='ocr_line' id='line_1_15' title="bbox 166 1495 1289 1563; baseline -0.003 -15"><span class='ocrx_word' id='word_1_129' title='bbox 166 1508 238 1549; x_wconf 88' lang='lat' dir='ltr'><strong>antea</strong></span> <span class='ocrx_word' id='word_1_130' title='bbox 257 1499 344 1549; x_wconf 71' lang='lat' dir='ltr'><strong>minum</strong></span> <span class='ocrx_word' id='word_1_131' title='bbox 364 1498 477 1549; x_wconf 87' lang='lat' dir='ltr'><strong>Leucade</strong></span> <span class='ocrx_word' id='word_1_132' title='bbox 497 1507 520 1549; x_wconf 91' lang='lat' dir='ltr'><strong>et</strong></span> <span class='ocrx_word' id='word_1_133' title='bbox 538 1497 613 1549; x_wconf 82' lang='lat' dir='ltr'><strong>Elide</strong></span> <span class='ocrx_word' id='word_1_134' title='bbox 625 1500 768 1563; x_wconf 85' lang='lat' dir='ltr'><strong>ferebatur:</strong></span> <span class='ocrx_word' id='word_1_135' title='bbox 790 1495 940 1563; x_wconf 81' lang='lat' dir='ltr'><strong>(iampridem</strong></span> <span class='ocrx_word' id='word_1_136' title='bbox 962 1498 1021 1547; x_wconf 90' lang='lat' dir='ltr'><strong>enim</strong></span> <span class='ocrx_word' id='word_1_137' title='bbox 1039 1497 1173 1561; x_wconf 79' lang='lat' dir='ltr'><strong>etseritur)</strong></span> <span class='ocrx_word' id='word_1_138' title='bbox 1190 1507 1289 1548; x_wconf 90' lang='lat' dir='ltr'><strong>nuncet</strong></span> 
     </span>
     <span class='ocr_line' id='line_1_16' title="bbox 166 1583 380 1649; baseline 0.005 -16"><span class='ocrx_word' id='word_1_139' title='bbox 166 1583 321 1649; x_wconf 74' lang='lat' dir='ltr'><strong>Pamphylia,</strong></span> <span class='ocrx_word' id='word_1_140' title='bbox 333 1593 380 1634; x_wconf 85' lang='lat' dir='ltr'><strong>etc.</strong></span> 
     </span>
    </p>

    <p class='ocr_par' dir='ltr' id='par_1_7' title="bbox 85 1667 1289 4271">
     <span class='ocr_line' id='line_1_17' title="bbox 199 1667 1286 1732; baseline -0.001 -14"><span class='ocrx_word' id='word_1_141' title='bbox 199 1669 264 1718; x_wconf 74' lang='lat' dir='ltr'><strong>Cle.</strong></span> <span class='ocrx_word' id='word_1_142' title='bbox 276 1670 352 1720; x_wconf 84' lang='lat' dir='ltr'><strong>vm.</strong></span> <span class='ocrx_word' id='word_1_143' title='bbox 367 1668 419 1731; x_wconf 60' lang='lat'><strong>[²2³</strong></span> <span class='ocrx_word' id='word_1_144' title='bbox 437 1668 481 1732; x_wconf 76' lang='lat' dir='ltr'><strong>to]</strong></span> <span class='ocrx_word' id='word_1_145' title='bbox 505 1668 581 1718; x_wconf 89' lang='lat' dir='ltr'><strong>Unum</strong></span> <span class='ocrx_word' id='word_1_146' title='bbox 597 1669 622 1717; x_wconf 85' lang='lat' dir='ltr'><strong>in</strong></span> <span class='ocrx_word' id='word_1_147' title='bbox 639 1684 705 1719; x_wconf 91' lang='lat' dir='ltr'><strong>cocco</strong></span> <span class='ocrx_word' id='word_1_148' title='bbox 717 1668 759 1732; x_wconf 84' lang='lat' dir='ltr'><strong>qai</strong></span> <span class='ocrx_word' id='word_1_149' title='bbox 769 1669 793 1717; x_wconf 87' lang='lat' dir='ltr'><strong>in</strong></span> <span class='ocrx_word' id='word_1_150' title='bbox 804 1669 864 1717; x_wconf 84' lang='lat' dir='ltr'><strong>rosis</strong></span> <span class='ocrx_word' id='word_1_151' title='bbox 875 1667 959 1730; x_wconf 87' lang='lat' dir='ltr'><strong>micat]</strong></span> <span class='ocrx_word' id='word_1_152' title='bbox 978 1670 1072 1719; x_wconf 81' lang='lat' dir='ltr'><strong>Misere</strong></span> <span class='ocrx_word' id='word_1_153' title='bbox 1088 1669 1195 1720; x_wconf 84' lang='lat' dir='ltr'><strong>olfactus</strong></span> <span class='ocrx_word' id='word_1_154' title='bbox 1207 1669 1286 1718; x_wconf 90' lang='lat' dir='ltr'><strong>locus.</strong></span> 
     </span>
     <span class='ocr_line' id='line_1_18' title="bbox 166 1751 1288 1817; baseline -0.004 -12"><span class='ocrx_word' id='word_1_155' title='bbox 166 1755 246 1805; x_wconf 86' lang='lat' dir='ltr'><strong>Aond.</strong></span> <span class='ocrx_word' id='word_1_156' title='bbox 263 1770 333 1803; x_wconf 90' lang='lat' dir='ltr'><strong>unum</strong></span> <span class='ocrx_word' id='word_1_157' title='bbox 349 1753 376 1802; x_wconf 90' lang='lat' dir='ltr'><strong>in</strong></span> <span class='ocrx_word' id='word_1_158' title='bbox 391 1769 457 1802; x_wconf 88' lang='lat' dir='ltr'><strong>cocco</strong></span> <span class='ocrx_word' id='word_1_159' title='bbox 473 1753 531 1816; x_wconf 84' lang='lat' dir='ltr'><strong>quio</strong></span> <span class='ocrx_word' id='word_1_160' title='bbox 542 1753 604 1802; x_wconf 84' lang='lat' dir='ltr'><strong>rosis</strong></span> <span class='ocrx_word' id='word_1_161' title='bbox 615 1752 688 1802; x_wconf 89' lang='lat' dir='ltr'><strong>micat</strong></span> <span class='ocrx_word' id='word_1_162' title='bbox 697 1752 801 1816; x_wconf 82' lang='lat' dir='ltr'><strong>protivis</strong></span> <span class='ocrx_word' id='word_1_163' title='bbox 811 1751 906 1817; x_wconf 78' lang='lat' dir='ltr'><strong>pretias</strong></span> <span class='ocrx_word' id='word_1_164' title='bbox 919 1752 979 1801; x_wconf 79' lang='lat' dir='ltr'><strong>nibil</strong></span> <span class='ocrx_word' id='word_1_165' title='bbox 990 1752 1094 1802; x_wconf 86' lang='lat' dir='ltr'><strong>traditur</strong></span> <span class='ocrx_word' id='word_1_166' title='bbox 1105 1761 1201 1817; x_wconf 82' lang='lat' dir='ltr'><strong>aspecta</strong></span> <span class='ocrx_word' id='word_1_167' title='bbox 1213 1752 1255 1816; x_wconf 84' lang='lat' dir='ltr'><strong>pai</strong></span> <span class='ocrx_word' id='word_1_168' title='bbox 1266 1761 1288 1801; x_wconf 93' lang='lat' dir='ltr'><strong>et</strong></span> 
     </span>
     <span class='ocr_line' id='line_1_19' title="bbox 167 1832 1288 1902; baseline 0.002 -18"><span class='ocrx_word' id='word_1_169' title='bbox 167 1837 192 1884; x_wconf 87' lang='lat' dir='ltr'><strong>in</strong></span> <span class='ocrx_word' id='word_1_170' title='bbox 205 1853 328 1900; x_wconf 77' lang='lat' dir='ltr'><strong>purpuras</strong></span> <span class='ocrx_word' id='word_1_171' title='bbox 345 1835 421 1902; x_wconf 81' lang='lat' dir='ltr'><strong>tyriae</strong></span> <span class='ocrx_word' id='word_1_172' title='bbox 439 1832 630 1900; x_wconf 81' lang='lat' dir='ltr'><strong>diplarqaeout</strong></span> <span class='ocrx_word' id='word_1_173' title='bbox 648 1835 774 1885; x_wconf 84' lang='lat' dir='ltr'><strong>laconicus.</strong></span> <span class='ocrx_word' id='word_1_174' title='bbox 791 1835 865 1885; x_wconf 82' lang='lat' dir='ltr'><strong>ulium</strong></span> <span class='ocrx_word' id='word_1_175' title='bbox 882 1837 1004 1886; x_wconf 70' lang='lat' dir='ltr'><strong>ametiston</strong></span> <span class='ocrx_word' id='word_1_176' title='bbox 1022 1835 1086 1899; x_wconf 85' lang='lat' dir='ltr'><strong>quod</strong></span> <span class='ocrx_word' id='word_1_177' title='bbox 1100 1835 1171 1886; x_wconf 88' lang='lat' dir='ltr'><strong>uiola.</strong></span> <span class='ocrx_word' id='word_1_178' title='bbox 1189 1839 1288 1886; x_wconf 84' lang='lat' dir='ltr'><strong>Eodem</strong></span> 
     </span>
     <span class='ocr_line' id='line_1_20' title="bbox 166 1919 1288 1986; baseline -0.001 -15"><span class='ocrx_word' id='word_1_179' title='bbox 166 1922 306 1972; x_wconf 77' lang='lat' dir='ltr'><strong>istomodo</strong></span> <span class='ocrx_word' id='word_1_180' title='bbox 323 1922 465 1985; x_wconf 83' lang='lat' dir='ltr'><strong>Menapios.</strong></span> <span class='ocrx_word' id='word_1_181' title='bbox 484 1921 552 1972; x_wconf 78' lang='lat' dir='ltr'><strong>ouo.</strong></span> <span class='ocrx_word' id='word_1_182' title='bbox 568 1937 638 1969; x_wconf 78' lang='lat' dir='ltr'><strong>unuin</strong></span> <span class='ocrx_word' id='word_1_183' title='bbox 655 1920 680 1969; x_wconf 91' lang='lat' dir='ltr'><strong>in</strong></span> <span class='ocrx_word' id='word_1_184' title='bbox 696 1937 762 1970; x_wconf 89' lang='lat' dir='ltr'><strong>cocco</strong></span> <span class='ocrx_word' id='word_1_185' title='bbox 779 1919 838 1984; x_wconf 81' lang='lat' dir='ltr'><strong>quia</strong></span> <span class='ocrx_word' id='word_1_186' title='bbox 855 1920 916 1970; x_wconf 88' lang='lat' dir='ltr'><strong>rosis</strong></span> <span class='ocrx_word' id='word_1_187' title='bbox 927 1921 999 1970; x_wconf 86' lang='lat' dir='ltr'><strong>micat</strong></span> <span class='ocrx_word' id='word_1_188' title='bbox 1008 1921 1101 1986; x_wconf 80' lang='lat' dir='ltr'><strong>pretias</strong></span> <span class='ocrx_word' id='word_1_189' title='bbox 1112 1920 1173 1970; x_wconf 82' lang='lat' dir='ltr'><strong>nilsil</strong></span> <span class='ocrx_word' id='word_1_190' title='bbox 1184 1920 1288 1970; x_wconf 73' lang='lat' dir='ltr'><strong>nuditer</strong></span> 
     </span>
     <span class='ocr_line' id='line_1_21' title="bbox 85 2003 1287 2071; baseline -0.002 -16"><span class='ocrx_word' id='word_1_191' title='bbox 85 2034 86 2037; x_wconf 63' lang='lat'><em>=</em></span> <span class='ocrx_word' id='word_1_192' title='bbox 167 2012 275 2068; x_wconf 84' lang='lat' dir='ltr'><strong>aspectas</strong></span> <span class='ocrx_word' id='word_1_193' title='bbox 291 2013 314 2053; x_wconf 88' lang='lat' dir='ltr'><strong>et</strong></span> <span class='ocrx_word' id='word_1_194' title='bbox 325 2004 349 2054; x_wconf 89' lang='lat' dir='ltr'><strong>in</strong></span> <span class='ocrx_word' id='word_1_195' title='bbox 358 2021 480 2071; x_wconf 86' lang='lat' dir='ltr'><strong>parparus</strong></span> <span class='ocrx_word' id='word_1_196' title='bbox 494 2004 569 2070; x_wconf 74' lang='lat' dir='ltr'><strong>tyrius</strong></span> <span class='ocrx_word' id='word_1_197' title='bbox 581 2003 711 2069; x_wconf 82' lang='lat' dir='ltr'><strong>diplarqae</strong></span> <span class='ocrx_word' id='word_1_198' title='bbox 723 2013 766 2054; x_wconf 87' lang='lat' dir='ltr'><strong>aut</strong></span> <span class='ocrx_word' id='word_1_199' title='bbox 778 2003 904 2055; x_wconf 77' lang='lat' dir='ltr'><strong>locomcus.</strong></span> <span class='ocrx_word' id='word_1_200' title='bbox 922 2005 995 2055; x_wconf 84' lang='lat' dir='ltr'><strong>alium</strong></span> <span class='ocrx_word' id='word_1_201' title='bbox 1007 2006 1129 2054; x_wconf 83' lang='lat' dir='ltr'><strong>ametiston</strong></span> <span class='ocrx_word' id='word_1_202' title='bbox 1141 2004 1205 2069; x_wconf 86' lang='lat' dir='ltr'><strong>qaod</strong></span> <span class='ocrx_word' id='word_1_203' title='bbox 1216 2004 1287 2054; x_wconf 88' lang='lat' dir='ltr'><strong>uiola.</strong></span> 
     </span>
     <span class='ocr_line' id='line_1_22' title="bbox 167 2074 1288 2155; baseline 0 -15"><span class='ocrx_word' id='word_1_204' title='bbox 167 2091 309 2141; x_wconf 85' lang='lat' dir='ltr'><strong>Vossianus</strong></span> <span class='ocrx_word' id='word_1_205' title='bbox 328 2089 464 2154; x_wconf 83' lang='lat' dir='ltr'><strong>Andagav.</strong></span> <span class='ocrx_word' id='word_1_206' title='bbox 489 2105 559 2138; x_wconf 83' lang='lat' dir='ltr'><strong>turum</strong></span> <span class='ocrx_word' id='word_1_207' title='bbox 584 2089 608 2139; x_wconf 88' lang='lat' dir='ltr'><strong>in</strong></span> <span class='ocrx_word' id='word_1_208' title='bbox 635 2106 701 2140; x_wconf 88' lang='lat' dir='ltr'><strong>cocco</strong></span> <span class='ocrx_word' id='word_1_209' title='bbox 722 2089 779 2154; x_wconf 79' lang='lat' dir='ltr'><strong>quar</strong></span> <span class='ocrx_word' id='word_1_210' title='bbox 799 2074 861 2139; x_wconf 67' lang='lat' dir='ltr'><strong>risis</strong></span> <span class='ocrx_word' id='word_1_211' title='bbox 882 2092 982 2141; x_wconf 78' lang='lat' dir='ltr'><strong>micante</strong></span> <span class='ocrx_word' id='word_1_212' title='bbox 1000 2089 1083 2155; x_wconf 83' lang='lat' dir='ltr'><strong>pratia</strong></span> <span class='ocrx_word' id='word_1_213' title='bbox 1102 2088 1165 2139; x_wconf 78' lang='lat' dir='ltr'><strong>nibil</strong></span> <span class='ocrx_word' id='word_1_214' title='bbox 1184 2088 1288 2140; x_wconf 88' lang='lat' dir='ltr'><strong>traditur</strong></span> 
     </span>
     <span class='ocr_line' id='line_1_23' title="bbox 166 2173 1288 2239; baseline 0.004 -18"><span class='ocrx_word' id='word_1_215' title='bbox 166 2182 270 2237; x_wconf 85' lang='lat' dir='ltr'><strong>aspectu,</strong></span> <span class='ocrx_word' id='word_1_216' title='bbox 282 2184 328 2225; x_wconf 86' lang='lat' dir='ltr'><strong>etc.</strong></span> <span class='ocrx_word' id='word_1_217' title='bbox 346 2183 389 2224; x_wconf 87' lang='lat' dir='ltr'><strong>aut</strong></span> <span class='ocrx_word' id='word_1_218' title='bbox 404 2173 548 2236; x_wconf 86' lang='lat' dir='ltr'><strong>Laconicas,</strong></span> <span class='ocrx_word' id='word_1_219' title='bbox 564 2173 638 2223; x_wconf 86' lang='lat' dir='ltr'><strong>alium</strong></span> <span class='ocrx_word' id='word_1_220' title='bbox 655 2174 784 2225; x_wconf 87' lang='lat' dir='ltr'><strong>ametistom</strong></span> <span class='ocrx_word' id='word_1_221' title='bbox 800 2175 864 2239; x_wconf 86' lang='lat' dir='ltr'><strong>quod</strong></span> <span class='ocrx_word' id='word_1_222' title='bbox 878 2174 950 2225; x_wconf 72' lang='lat' dir='ltr'><strong>mota.</strong></span> <span class='ocrx_word' id='word_1_223' title='bbox 969 2175 1018 2226; x_wconf 83' lang='lat' dir='ltr'><strong>Sed</strong></span> <span class='ocrx_word' id='word_1_224' title='bbox 1035 2176 1075 2224; x_wconf 88' lang='lat' dir='ltr'><strong>his</strong></span> <span class='ocrx_word' id='word_1_225' title='bbox 1088 2174 1216 2226; x_wconf 90' lang='lat' dir='ltr'><strong>codicibus</strong></span> <span class='ocrx_word' id='word_1_226' title='bbox 1228 2175 1288 2226; x_wconf 87' lang='lat' dir='ltr'><strong>solis</strong></span> 
     </span>
     <span class='ocr_line' id='line_1_24' title="bbox 167 2259 1288 2325; baseline 0.004 -18"><span class='ocrx_word' id='word_1_227' title='bbox 167 2259 231 2307; x_wconf 89' lang='lat' dir='ltr'><strong>nihil</strong></span> <span class='ocrx_word' id='word_1_228' title='bbox 249 2261 430 2310; x_wconf 86' lang='lat' dir='ltr'><strong>commiserim:</strong></span> <span class='ocrx_word' id='word_1_229' title='bbox 448 2274 497 2308; x_wconf 90' lang='lat' dir='ltr'><strong>noc</strong></span> <span class='ocrx_word' id='word_1_230' title='bbox 513 2268 572 2309; x_wconf 88' lang='lat' dir='ltr'><strong>sunt</strong></span> <span class='ocrx_word' id='word_1_231' title='bbox 583 2275 617 2309; x_wconf 90' lang='lat' dir='ltr'><strong>ex</strong></span> <span class='ocrx_word' id='word_1_232' title='bbox 628 2261 687 2322; x_wconf 88' lang='lat' dir='ltr'><strong>illis,</strong></span> <span class='ocrx_word' id='word_1_233' title='bbox 704 2262 748 2323; x_wconf 88' lang='lat' dir='ltr'><strong>qui</strong></span> <span class='ocrx_word' id='word_1_234' title='bbox 765 2269 872 2325; x_wconf 88' lang='lat' dir='ltr'><strong>possunt</strong></span> <span class='ocrx_word' id='word_1_235' title='bbox 883 2275 931 2324; x_wconf 91' lang='lat' dir='ltr'><strong>ope</strong></span> <span class='ocrx_word' id='word_1_236' title='bbox 943 2275 990 2310; x_wconf 85' lang='lat' dir='ltr'><strong>sua</strong></span> <span class='ocrx_word' id='word_1_237' title='bbox 1001 2261 1132 2311; x_wconf 77' lang='lat' dir='ltr'><strong>censorias.</strong></span> <span class='ocrx_word' id='word_1_238' title='bbox 1149 2261 1288 2312; x_wconf 81' lang='lat' dir='ltr'><strong>Fideliorea</strong></span> 
     </span>
     <span class='ocr_line' id='line_1_25' title="bbox 166 2341 1288 2408; baseline 0.002 -17"><span class='ocrx_word' id='word_1_239' title='bbox 166 2352 194 2391; x_wconf 90' lang='lat' dir='ltr'><strong>ut</strong></span> <span class='ocrx_word' id='word_1_240' title='bbox 209 2344 332 2393; x_wconf 86' lang='lat' dir='ltr'><strong>Pintiaui:</strong></span> <span class='ocrx_word' id='word_1_241' title='bbox 353 2341 411 2406; x_wconf 77' lang='lat' dir='ltr'><strong>qaia</strong></span> <span class='ocrx_word' id='word_1_242' title='bbox 430 2343 490 2392; x_wconf 88' lang='lat' dir='ltr'><strong>rosis</strong></span> <span class='ocrx_word' id='word_1_243' title='bbox 510 2343 626 2407; x_wconf 79' lang='lat' dir='ltr'><strong>mipronte</strong></span> <span class='ocrx_word' id='word_1_244' title='bbox 646 2344 730 2408; x_wconf 87' lang='lat' dir='ltr'><strong>pratia</strong></span> <span class='ocrx_word' id='word_1_245' title='bbox 747 2343 807 2394; x_wconf 77' lang='lat' dir='ltr'><strong>nibil</strong></span> <span class='ocrx_word' id='word_1_246' title='bbox 823 2344 925 2393; x_wconf 77' lang='lat' dir='ltr'><strong>molitur</strong></span> <span class='ocrx_word' id='word_1_247' title='bbox 940 2351 1056 2408; x_wconf 85' lang='lat' dir='ltr'><strong>suspecta.</strong></span> <span class='ocrx_word' id='word_1_248' title='bbox 1077 2345 1219 2396; x_wconf 87' lang='lat' dir='ltr'><strong>Vossianus</strong></span> <span class='ocrx_word' id='word_1_249' title='bbox 1237 2346 1288 2395; x_wconf 93' lang='lat' dir='ltr'><strong>hoo</strong></span> 
     </span>
     <span class='ocr_line' id='line_1_26' title="bbox 166 2425 1289 2494; baseline 0.002 -18"><span class='ocrx_word' id='word_1_250' title='bbox 166 2428 287 2490; x_wconf 84' lang='lat' dir='ltr'><strong>amplius:</strong></span> <span class='ocrx_word' id='word_1_251' title='bbox 300 2425 447 2491; x_wconf 78' lang='lat' dir='ltr'><strong>principales</strong></span> <span class='ocrx_word' id='word_1_252' title='bbox 464 2435 491 2476; x_wconf 91' lang='lat' dir='ltr'><strong>ut</strong></span> <span class='ocrx_word' id='word_1_253' title='bbox 506 2429 623 2477; x_wconf 89' lang='lat' dir='ltr'><strong>rubentem</strong></span> <span class='ocrx_word' id='word_1_254' title='bbox 642 2428 666 2476; x_wconf 92' lang='lat' dir='ltr'><strong>in</strong></span> <span class='ocrx_word' id='word_1_255' title='bbox 678 2445 744 2477; x_wconf 90' lang='lat' dir='ltr'><strong>cocco</strong></span> <span class='ocrx_word' id='word_1_256' title='bbox 763 2429 822 2493; x_wconf 80' lang='lat' dir='ltr'><strong>quia</strong></span> <span class='ocrx_word' id='word_1_257' title='bbox 836 2429 897 2478; x_wconf 77' lang='lat' dir='ltr'><strong>rosis</strong></span> <span class='ocrx_word' id='word_1_258' title='bbox 913 2430 1031 2493; x_wconf 83' lang='lat' dir='ltr'><strong>miprante</strong></span> <span class='ocrx_word' id='word_1_259' title='bbox 1046 2429 1129 2494; x_wconf 84' lang='lat' dir='ltr'><strong>pratia</strong></span> <span class='ocrx_word' id='word_1_260' title='bbox 1140 2429 1203 2478; x_wconf 85' lang='lat' dir='ltr'><strong>nilil</strong></span> <span class='ocrx_word' id='word_1_261' title='bbox 1214 2429 1289 2479; x_wconf 85' lang='lat' dir='ltr'><strong>tralit</strong></span> 
     </span>
     <span class='ocr_line' id='line_1_27' title="bbox 166 2511 1289 2577; baseline 0.004 -19"><span class='ocrx_word' id='word_1_262' title='bbox 166 2519 274 2576; x_wconf 80' lang='lat' dir='ltr'><strong>suspecta</strong></span> <span class='ocrx_word' id='word_1_263' title='bbox 286 2520 308 2560; x_wconf 92' lang='lat' dir='ltr'><strong>et</strong></span> <span class='ocrx_word' id='word_1_264' title='bbox 324 2512 349 2561; x_wconf 92' lang='lat' dir='ltr'><strong>in</strong></span> <span class='ocrx_word' id='word_1_265' title='bbox 359 2526 481 2576; x_wconf 87' lang='lat' dir='ltr'><strong>purpuras</strong></span> <span class='ocrx_word' id='word_1_266' title='bbox 494 2513 570 2577; x_wconf 73' lang='lat' dir='ltr'><strong>tyrias</strong></span> <span class='ocrx_word' id='word_1_267' title='bbox 581 2511 745 2576; x_wconf 72' lang='lat' dir='ltr'><strong>dibaphasque</strong></span> <span class='ocrx_word' id='word_1_268' title='bbox 757 2530 786 2562; x_wconf 87' lang='lat' dir='ltr'><strong>oc</strong></span> <span class='ocrx_word' id='word_1_269' title='bbox 803 2512 929 2562; x_wconf 80' lang='lat' dir='ltr'><strong>laconicae.</strong></span> <span class='ocrx_word' id='word_1_270' title='bbox 947 2513 1093 2563; x_wconf 76' lang='lat' dir='ltr'><strong>amethistum</strong></span> <span class='ocrx_word' id='word_1_271' title='bbox 1109 2530 1171 2577; x_wconf 85' lang='lat' dir='ltr'><strong>quae</strong></span> <span class='ocrx_word' id='word_1_272' title='bbox 1186 2513 1251 2563; x_wconf 85' lang='lat' dir='ltr'><strong>uiola</strong></span> <span class='ocrx_word' id='word_1_273' title='bbox 1266 2525 1289 2562; x_wconf 91' lang='lat' dir='ltr'><strong>et</strong></span> 
     </span>
     <span class='ocr_line' id='line_1_28' title="bbox 165 2597 1287 2663; baseline 0.004 -19"><span class='ocrx_word' id='word_1_274' title='bbox 165 2597 214 2658; x_wconf 76' lang='lat' dir='ltr'><strong>epse</strong></span> <span class='ocrx_word' id='word_1_275' title='bbox 226 2597 250 2644; x_wconf 89' lang='lat' dir='ltr'><strong>in</strong></span> <span class='ocrx_word' id='word_1_276' title='bbox 258 2613 370 2661; x_wconf 84' lang='lat' dir='ltr'><strong>purpura</strong></span> <span class='ocrx_word' id='word_1_277' title='bbox 381 2614 431 2646; x_wconf 88' lang='lat' dir='ltr'><strong>eam</strong></span> <span class='ocrx_word' id='word_1_278' title='bbox 444 2613 556 2660; x_wconf 84' lang='lat' dir='ltr'><strong>quemque</strong></span> <span class='ocrx_word' id='word_1_279' title='bbox 565 2597 728 2662; x_wconf 80' lang='lat' dir='ltr'><strong>pacintiinarn</strong></span> <span class='ocrx_word' id='word_1_280' title='bbox 739 2597 920 2663; x_wconf 82' lang='lat' dir='ltr'><strong>appellavimus.</strong></span> <span class='ocrx_word' id='word_1_281' title='bbox 938 2600 1009 2650; x_wconf 89' lang='lat' dir='ltr'><strong>Haec</strong></span> <span class='ocrx_word' id='word_1_282' title='bbox 1026 2599 1104 2649; x_wconf 88' lang='lat' dir='ltr'><strong>tutior</strong></span> <span class='ocrx_word' id='word_1_283' title='bbox 1119 2609 1145 2651; x_wconf 85' lang='lat' dir='ltr'><strong>et</strong></span> <span class='ocrx_word' id='word_1_284' title='bbox 1156 2614 1216 2649; x_wconf 77' lang='lat' dir='ltr'><strong>vcra</strong></span> <span class='ocrx_word' id='word_1_285' title='bbox 1227 2615 1287 2649; x_wconf 89' lang='lat' dir='ltr'><strong>eon·</strong></span> 
     </span>
     <span class='ocr_line' id='line_1_29' title="bbox 166 2667 1286 2748; baseline 0.002 -20"><span class='ocrx_word' id='word_1_286' title='bbox 166 2681 266 2732; x_wconf 79' lang='lat' dir='ltr'><strong>isauris</strong></span> <span class='ocrx_word' id='word_1_287' title='bbox 286 2684 384 2733; x_wconf 86' lang='lat' dir='ltr'><strong>semita.</strong></span> <span class='ocrx_word' id='word_1_288' title='bbox 408 2683 553 2733; x_wconf 84' lang='lat' dir='ltr'><strong>Tentebem</strong></span> <span class='ocrx_word' id='word_1_289' title='bbox 571 2692 667 2733; x_wconf 85' lang='lat' dir='ltr'><strong>autem:</strong></span> <span class='ocrx_word' id='word_1_290' title='bbox 687 2683 741 2733; x_wconf 89' lang='lat' dir='ltr'><strong>Hos</strong></span> <span class='ocrx_word' id='word_1_291' title='bbox 762 2667 927 2733; x_wconf 86' lang='lat' dir='ltr'><strong>animadverto</strong></span> <span class='ocrx_word' id='word_1_292' title='bbox 944 2692 990 2732; x_wconf 88' lang='lat' dir='ltr'><strong>tres</strong></span> <span class='ocrx_word' id='word_1_293' title='bbox 1009 2699 1059 2732; x_wconf 85' lang='lat' dir='ltr'><strong>esse</strong></span> <span class='ocrx_word' id='word_1_294' title='bbox 1070 2682 1232 2748; x_wconf 78' lang='lat' dir='ltr'><strong>principales:</strong></span> <span class='ocrx_word' id='word_1_295' title='bbox 1253 2691 1286 2744; x_wconf 85' lang='lat' dir='ltr'><strong>at,</strong></span> 
     </span>
     <span class='ocr_line' id='line_1_30' title="bbox 93 2765 1287 2834; baseline 0.003 -22"><span class='ocrx_word' id='word_1_296' title='bbox 93 2827 96 2831; x_wconf 9' lang='grc' dir='ltr'><strong><em>ἵ</em></strong></span> <span class='ocrx_word' id='word_1_297' title='bbox 166 2766 282 2814; x_wconf 86' lang='lat' dir='ltr'><strong>rubentem</strong></span> <span class='ocrx_word' id='word_1_298' title='bbox 301 2767 325 2815; x_wconf 90' lang='lat' dir='ltr'><strong>in</strong></span> <span class='ocrx_word' id='word_1_299' title='bbox 347 2783 426 2829; x_wconf 85' lang='lat' dir='ltr'><strong>cocco,</strong></span> <span class='ocrx_word' id='word_1_300' title='bbox 449 2768 491 2830; x_wconf 79' lang='lat' dir='ltr'><strong>qui</strong></span> <span class='ocrx_word' id='word_1_301' title='bbox 511 2767 572 2816; x_wconf 84' lang='lat' dir='ltr'><strong>rosis</strong></span> <span class='ocrx_word' id='word_1_302' title='bbox 587 2768 696 2832; x_wconf 86' lang='lat' dir='ltr'><strong>niprante</strong></span> <span class='ocrx_word' id='word_1_303' title='bbox 711 2768 795 2833; x_wconf 86' lang='lat' dir='ltr'><strong>pratia</strong></span> <span class='ocrx_word' id='word_1_304' title='bbox 812 2767 865 2832; x_wconf 79' lang='lat' dir='ltr'><strong>(vel</strong></span> <span class='ocrx_word' id='word_1_305' title='bbox 885 2767 986 2818; x_wconf 85' lang='lat' dir='ltr'><strong>micante</strong></span> <span class='ocrx_word' id='word_1_306' title='bbox 1007 2767 1117 2834; x_wconf 75' lang='lat' dir='ltr'><strong>nipritra)</strong></span> <span class='ocrx_word' id='word_1_307' title='bbox 1135 2767 1197 2818; x_wconf 75' lang='lat' dir='ltr'><strong>ntia</strong></span> <span class='ocrx_word' id='word_1_308' title='bbox 1217 2765 1287 2830; x_wconf 89' lang='lat' dir='ltr'><strong>cedit,</strong></span> 
     </span>
     <span class='ocr_line' id='line_1_31' title="bbox 165 2851 1287 2918; baseline 0.006 -22"><span class='ocrx_word' id='word_1_309' title='bbox 165 2858 284 2912; x_wconf 83' lang='lat' dir='ltr'><strong>suspectas</strong></span> <span class='ocrx_word' id='word_1_310' title='bbox 306 2859 328 2914; x_wconf 88' lang='lat' dir='ltr'><strong>et</strong></span> <span class='ocrx_word' id='word_1_311' title='bbox 350 2851 374 2898; x_wconf 92' lang='lat' dir='ltr'><strong>in</strong></span> <span class='ocrx_word' id='word_1_312' title='bbox 394 2868 503 2915; x_wconf 86' lang='lat' dir='ltr'><strong>purpura</strong></span> <span class='ocrx_word' id='word_1_313' title='bbox 524 2852 601 2917; x_wconf 79' lang='lat' dir='ltr'><strong>Tyria</strong></span> <span class='ocrx_word' id='word_1_314' title='bbox 622 2852 772 2916; x_wconf 84' lang='lat' dir='ltr'><strong>dibaplraqae</strong></span> <span class='ocrx_word' id='word_1_315' title='bbox 789 2870 819 2902; x_wconf 87' lang='lat' dir='ltr'><strong>nc</strong></span> <span class='ocrx_word' id='word_1_316' title='bbox 835 2853 974 2904; x_wconf 87' lang='lat' dir='ltr'><strong>Laconico.-</strong></span> <span class='ocrx_word' id='word_1_317' title='bbox 996 2853 1060 2917; x_wconf 83' lang='lat' dir='ltr'><strong>(sive</strong></span> <span class='ocrx_word' id='word_1_318' title='bbox 1076 2854 1156 2904; x_wconf 87' lang='lat' dir='ltr'><strong>mavis</strong></span> <span class='ocrx_word' id='word_1_319' title='bbox 1171 2855 1287 2918; x_wconf 87' lang='lat' dir='ltr'><strong>purpuris</strong></span> 
     </span>
     <span class='ocr_line' id='line_1_32' title="bbox 169 2932 1286 3002; baseline 0.004 -20"><span class='ocrx_word' id='word_1_320' title='bbox 169 2932 249 2998; x_wconf 75' lang='lat' dir='ltr'><strong>Tyriis</strong></span> <span class='ocrx_word' id='word_1_321' title='bbox 261 2933 416 2996; x_wconf 81' lang='lat' dir='ltr'><strong>dibapltirque</strong></span> <span class='ocrx_word' id='word_1_322' title='bbox 427 2951 457 2982; x_wconf 84' lang='lat' dir='ltr'><strong>ac</strong></span> <span class='ocrx_word' id='word_1_323' title='bbox 468 2934 606 2998; x_wconf 71' lang='lat' dir='ltr'><strong>Laconicis)</strong></span> <span class='ocrx_word' id='word_1_324' title='bbox 620 2935 782 3001; x_wconf 71' lang='lat' dir='ltr'><strong>amethystum,</strong></span> <span class='ocrx_word' id='word_1_325' title='bbox 799 2939 842 3000; x_wconf 80' lang='lat' dir='ltr'><strong>qui</strong></span> <span class='ocrx_word' id='word_1_326' title='bbox 852 2937 936 2999; x_wconf 84' lang='lat' dir='ltr'><strong>violae,</strong></span> <span class='ocrx_word' id='word_1_327' title='bbox 953 2946 975 2986; x_wconf 90' lang='lat' dir='ltr'><strong>et</strong></span> <span class='ocrx_word' id='word_1_328' title='bbox 987 2939 1036 3002; x_wconf 86' lang='lat' dir='ltr'><strong>ipse</strong></span> <span class='ocrx_word' id='word_1_329' title='bbox 1049 2939 1073 2986; x_wconf 92' lang='lat' dir='ltr'><strong>in</strong></span> <span class='ocrx_word' id='word_1_330' title='bbox 1081 2955 1199 3002; x_wconf 89' lang='lat' dir='ltr'><strong>purpura,</strong></span> <span class='ocrx_word' id='word_1_331' title='bbox 1212 2954 1286 3002; x_wconf 84' lang='lat' dir='ltr'><strong>eaque</strong></span> 
     </span>
     <span class='ocr_line' id='line_1_33' title="bbox 166 3016 1285 3087; baseline 0.007 -23"><span class='ocrx_word' id='word_1_332' title='bbox 166 3033 236 3080; x_wconf 87' lang='lat' dir='ltr'><strong>quam</strong></span> <span class='ocrx_word' id='word_1_333' title='bbox 249 3016 379 3066; x_wconf 82' lang='lat' dir='ltr'><strong>iantlririam</strong></span> <span class='ocrx_word' id='word_1_334' title='bbox 398 3017 583 3081; x_wconf 82' lang='lat' dir='ltr'><strong>appellavimus:</strong></span> <span class='ocrx_word' id='word_1_335' title='bbox 598 3018 696 3083; x_wconf 78' lang='lat' dir='ltr'><strong>(persero</strong></span> <span class='ocrx_word' id='word_1_336' title='bbox 707 3021 768 3068; x_wconf 87' lang='lat' dir='ltr'><strong>enirn</strong></span> <span class='ocrx_word' id='word_1_337' title='bbox 781 3029 911 3069; x_wconf 82' lang='lat' dir='ltr'><strong>tractamus</strong></span> <span class='ocrx_word' id='word_1_338' title='bbox 922 3021 948 3070; x_wconf 84' lang='lat' dir='ltr'><strong>in</strong></span> <span class='ocrx_word' id='word_1_339' title='bbox 959 3023 1046 3085; x_wconf 79' lang='lat' dir='ltr'><strong>species</strong></span> <span class='ocrx_word' id='word_1_340' title='bbox 1058 3021 1144 3071; x_wconf 85' lang='lat' dir='ltr'><strong>multus</strong></span> <span class='ocrx_word' id='word_1_341' title='bbox 1155 3039 1204 3072; x_wconf 89' lang='lat' dir='ltr'><strong>sese</strong></span> <span class='ocrx_word' id='word_1_342' title='bbox 1215 3040 1285 3087; x_wconf 87' lang='lat' dir='ltr'><strong>spar-</strong></span> 
     </span>
     <span class='ocr_line' id='line_1_34' title="bbox 163 3101 1285 3169; baseline 0.004 -19"><span class='ocrx_word' id='word_1_343' title='bbox 163 3101 256 3166; x_wconf 80' lang='lat' dir='ltr'><strong>pentia)</strong></span> <span class='ocrx_word' id='word_1_344' title='bbox 269 3103 349 3151; x_wconf 86' lang='lat' dir='ltr'><strong>tertius</strong></span> <span class='ocrx_word' id='word_1_345' title='bbox 366 3110 408 3164; x_wconf 85' lang='lat' dir='ltr'><strong>est,</strong></span> <span class='ocrx_word' id='word_1_346' title='bbox 425 3103 468 3165; x_wconf 88' lang='lat' dir='ltr'><strong>qai</strong></span> <span class='ocrx_word' id='word_1_347' title='bbox 481 3104 578 3167; x_wconf 76' lang='lat' dir='ltr'><strong>proprie</strong></span> <span class='ocrx_word' id='word_1_348' title='bbox 594 3102 714 3168; x_wconf 73' lang='lat' dir='ltr'><strong>conchylii.</strong></span> <span class='ocrx_word' id='word_1_349' title='bbox 732 3103 871 3169; x_wconf 79' lang='lat' dir='ltr'><strong>intellipitar</strong></span> <span class='ocrx_word' id='word_1_350' title='bbox 887 3104 967 3153; x_wconf 85' lang='lat' dir='ltr'><strong>multia</strong></span> <span class='ocrx_word' id='word_1_351' title='bbox 982 3103 1065 3153; x_wconf 88' lang='lat' dir='ltr'><strong>modia.</strong></span> <span class='ocrx_word' id='word_1_352' title='bbox 1083 3106 1152 3154; x_wconf 92' lang='lat' dir='ltr'><strong>Illud</strong></span> <span class='ocrx_word' id='word_1_353' title='bbox 1168 3107 1285 3155; x_wconf 87' lang='lat' dir='ltr'><strong>rubentem</strong></span> 
     </span>
     <span class='ocr_line' id='line_1_35' title="bbox 165 3184 1284 3252; baseline 0.001 -16"><span class='ocrx_word' id='word_1_354' title='bbox 165 3188 329 3237; x_wconf 87' lang='lat' dir='ltr'><strong>confirmatur</strong></span> <span class='ocrx_word' id='word_1_355' title='bbox 348 3187 393 3236; x_wconf 91' lang='lat' dir='ltr'><strong>lib.</strong></span> <span class='ocrx_word' id='word_1_356' title='bbox 410 3193 455 3248; x_wconf 83' lang='grc'><strong>33,</strong></span> <span class='ocrx_word' id='word_1_357' title='bbox 480 3195 490 3237; x_wconf 95' lang='grc'>1</span> <span class='ocrx_word' id='word_1_358' title='bbox 511 3186 617 3252; x_wconf 75' lang='lat' dir='ltr'><strong>[polium</strong></span> <span class='ocrx_word' id='word_1_359' title='bbox 640 3195 684 3249; x_wconf 80' lang='lat'><strong>23,</strong></span> <span class='ocrx_word' id='word_1_360' title='bbox 705 3194 726 3250; x_wconf 94' lang='lat' dir='ltr'><strong>l,</strong></span> <span class='ocrx_word' id='word_1_361' title='bbox 746 3194 784 3249; x_wconf 83' lang='lat'><strong>14,</strong></span> <span class='ocrx_word' id='word_1_362' title='bbox 805 3186 847 3251; x_wconf 86' lang='grc'>19]</span> <span class='ocrx_word' id='word_1_363' title='bbox 865 3205 925 3238; x_wconf 86' lang='lat' dir='ltr'><strong>auos</strong></span> <span class='ocrx_word' id='word_1_364' title='bbox 942 3189 1050 3238; x_wconf 83' lang='lat' dir='ltr'><strong>rubentes</strong></span> <span class='ocrx_word' id='word_1_365' title='bbox 1070 3188 1134 3238; x_wconf 88' lang='lat' dir='ltr'><strong>cocci</strong></span> <span class='ocrx_word' id='word_1_366' title='bbox 1151 3188 1226 3239; x_wconf 89' lang='lat' dir='ltr'><strong>modo.</strong></span> <span class='ocrx_word' id='word_1_367' title='bbox 1248 3184 1284 3238; x_wconf 84' lang='grc' dir='ltr'><strong>Τὸ</strong></span> 
     </span>
     <span class='ocr_line' id='line_1_36' title="bbox 89 3270 1286 3338; baseline 0.005 -21"><span class='ocrx_word' id='word_1_368' title='bbox 89 3322 101 3335; x_wconf 39' lang='lat'><em>⁶</em></span> <span class='ocrx_word' id='word_1_369' title='bbox 165 3271 265 3319; x_wconf 75' lang='lat' dir='ltr'><strong>mmonte</strong></span> <span class='ocrx_word' id='word_1_370' title='bbox 282 3270 388 3336; x_wconf 80' lang='lat' dir='ltr'><strong>nipritio,</strong></span> <span class='ocrx_word' id='word_1_371' title='bbox 404 3272 447 3321; x_wconf 84' lang='lat' dir='ltr'><strong>vel</strong></span> <span class='ocrx_word' id='word_1_372' title='bbox 462 3270 572 3336; x_wconf 78' lang='lat' dir='ltr'><strong>uiprante</strong></span> <span class='ocrx_word' id='word_1_373' title='bbox 586 3273 669 3336; x_wconf 84' lang='lat' dir='ltr'><strong>pratia</strong></span> <span class='ocrx_word' id='word_1_374' title='bbox 683 3273 726 3323; x_wconf 87' lang='lat' dir='ltr'><strong>lib.</strong></span> <span class='ocrx_word' id='word_1_375' title='bbox 740 3280 763 3335; x_wconf 83' lang='lat'><strong>9,</strong></span> <span class='ocrx_word' id='word_1_376' title='bbox 781 3279 812 3324; x_wconf 82' lang='lat'><strong>36</strong></span> <span class='ocrx_word' id='word_1_377' title='bbox 832 3273 885 3336; x_wconf 83' lang='lat'><strong>[60,</strong></span> <span class='ocrx_word' id='word_1_378' title='bbox 904 3273 964 3336; x_wconf 78' lang='lat'>126]</span> <span class='ocrx_word' id='word_1_379' title='bbox 981 3273 1101 3338; x_wconf 74' lang='lat' dir='ltr'><strong>riprando</strong></span> <span class='ocrx_word' id='word_1_380' title='bbox 1121 3289 1190 3322; x_wconf 86' lang='lat' dir='ltr'><strong>rosae</strong></span> <span class='ocrx_word' id='word_1_381' title='bbox 1210 3273 1286 3323; x_wconf 91' lang='lat' dir='ltr'><strong>colore</strong></span> 
     </span>
     <span class='ocr_line' id='line_1_37' title="bbox 164 3354 1285 3424; baseline 0.004 -21"><span class='ocrx_word' id='word_1_382' title='bbox 164 3354 293 3405; x_wconf 84' lang='lat' dir='ltr'><strong>srrblacens.</strong></span> <span class='ocrx_word' id='word_1_383' title='bbox 311 3358 347 3406; x_wconf 84' lang='lat' dir='ltr'><strong>Et</strong></span> <span class='ocrx_word' id='word_1_384' title='bbox 359 3372 413 3421; x_wconf 89' lang='lat' dir='ltr'><strong>cap.</strong></span> <span class='ocrx_word' id='word_1_385' title='bbox 426 3363 458 3408; x_wconf 83' lang='lat'><strong>38</strong></span> <span class='ocrx_word' id='word_1_386' title='bbox 473 3355 525 3419; x_wconf 77' lang='grc'>[62,</span> <span class='ocrx_word' id='word_1_387' title='bbox 541 3356 614 3420; x_wconf 81' lang='lat' dir='ltr'><strong>let]:</strong></span> <span class='ocrx_word' id='word_1_388' title='bbox 631 3357 728 3407; x_wconf 81' lang='lat' dir='ltr'><strong>Rabona</strong></span> <span class='ocrx_word' id='word_1_389' title='bbox 740 3357 803 3407; x_wconf 89' lang='lat' dir='ltr'><strong>color</strong></span> <span class='ocrx_word' id='word_1_390' title='bbox 815 3359 924 3424; x_wconf 82' lang='lat' dir='ltr'><strong>uiprante</strong></span> <span class='ocrx_word' id='word_1_391' title='bbox 935 3357 1043 3410; x_wconf 85' lang='lat' dir='ltr'><strong>deterior.</strong></span> <span class='ocrx_word' id='word_1_392' title='bbox 1062 3359 1172 3410; x_wconf 87' lang='lat' dir='ltr'><strong>Ibidem:</strong></span> <span class='ocrx_word' id='word_1_393' title='bbox 1189 3359 1285 3408; x_wconf 83' lang='lat' dir='ltr'><strong>nimiae.</strong></span> 
     </span>
     <span class='ocr_line' id='line_1_38' title="bbox 165 3439 1285 3508; baseline 0.004 -21"><span class='ocrx_word' id='word_1_394' title='bbox 165 3456 209 3501; x_wconf 81' lang='lat' dir='ltr'><strong>que</strong></span> <span class='ocrx_word' id='word_1_395' title='bbox 225 3439 274 3488; x_wconf 88' lang='lat' dir='ltr'><strong>eius</strong></span> <span class='ocrx_word' id='word_1_396' title='bbox 296 3440 408 3504; x_wconf 82' lang='lat' dir='ltr'><strong>nipritiue</strong></span> <span class='ocrx_word' id='word_1_397' title='bbox 425 3440 469 3489; x_wconf 89' lang='lat' dir='ltr'><strong>dat</strong></span> <span class='ocrx_word' id='word_1_398' title='bbox 480 3442 642 3492; x_wconf 75' lang='lat' dir='ltr'><strong>austeritatem</strong></span> <span class='ocrx_word' id='word_1_399' title='bbox 660 3441 726 3491; x_wconf 87' lang='lat' dir='ltr'><strong>illam</strong></span> <span class='ocrx_word' id='word_1_400' title='bbox 742 3441 893 3508; x_wconf 86' lang='lat' dir='ltr'><strong>nitoremque,</strong></span> <span class='ocrx_word' id='word_1_401' title='bbox 911 3444 953 3508; x_wconf 83' lang='lat' dir='ltr'><strong>qui</strong></span> <span class='ocrx_word' id='word_1_402' title='bbox 968 3445 1099 3508; x_wconf 82' lang='lat' dir='ltr'><strong>quaeritur,</strong></span> <span class='ocrx_word' id='word_1_403' title='bbox 1116 3445 1184 3494; x_wconf 90' lang='lat' dir='ltr'><strong>cocci.</strong></span> <span class='ocrx_word' id='word_1_404' title='bbox 1208 3445 1285 3495; x_wconf 87' lang='lat' dir='ltr'><strong>Item:</strong></span> 
     </span>
     <span class='ocr_line' id='line_1_39' title="bbox 166 3523 1285 3595; baseline 0.005 -23"><span class='ocrx_word' id='word_1_405' title='bbox 166 3523 218 3572; x_wconf 84' lang='lat' dir='ltr'><strong>laus</strong></span> <span class='ocrx_word' id='word_1_406' title='bbox 233 3524 257 3572; x_wconf 88' lang='lat' dir='ltr'><strong>ei</strong></span> <span class='ocrx_word' id='word_1_407' title='bbox 274 3541 366 3573; x_wconf 89' lang='lat' dir='ltr'><strong>samma</strong></span> <span class='ocrx_word' id='word_1_408' title='bbox 386 3525 411 3574; x_wconf 87' lang='lat' dir='ltr'><strong>in</strong></span> <span class='ocrx_word' id='word_1_409' title='bbox 431 3525 507 3574; x_wconf 88' lang='lat' dir='ltr'><strong>colore</strong></span> <span class='ocrx_word' id='word_1_410' title='bbox 526 3526 652 3590; x_wconf 74' lang='lat' dir='ltr'><strong>sanyuiais</strong></span> <span class='ocrx_word' id='word_1_411' title='bbox 672 3527 786 3590; x_wconf 85' lang='lat' dir='ltr'><strong>concreti,</strong></span> <span class='ocrx_word' id='word_1_412' title='bbox 807 3527 930 3593; x_wconf 80' lang='lat' dir='ltr'><strong>nipricons</strong></span> <span class='ocrx_word' id='word_1_413' title='bbox 946 3537 1042 3592; x_wconf 83' lang='lat' dir='ltr'><strong>aspectu</strong></span> <span class='ocrx_word' id='word_1_414' title='bbox 1058 3527 1164 3593; x_wconf 80' lang='lat' dir='ltr'><strong>idemque</strong></span> <span class='ocrx_word' id='word_1_415' title='bbox 1179 3538 1285 3595; x_wconf 83' lang='lat' dir='ltr'><strong>suspectu</strong></span> 
     </span>
     <span class='ocr_line' id='line_1_40' title="bbox 165 3607 1284 3679; baseline 0.006 -24"><span class='ocrx_word' id='word_1_416' title='bbox 165 3607 290 3671; x_wconf 83' lang='lat' dir='ltr'><strong>resalpens.</strong></span> <span class='ocrx_word' id='word_1_417' title='bbox 309 3611 347 3660; x_wconf 84' lang='lat' dir='ltr'><strong>Ne</strong></span> <span class='ocrx_word' id='word_1_418' title='bbox 365 3611 425 3673; x_wconf 88' lang='lat' dir='ltr'><strong>quid</strong></span> <span class='ocrx_word' id='word_1_419' title='bbox 443 3611 608 3671; x_wconf 88' lang='lat' dir='ltr'><strong>dissimulem,</strong></span> <span class='ocrx_word' id='word_1_420' title='bbox 626 3611 701 3660; x_wconf 81' lang='lat' dir='ltr'><strong>trabit</strong></span> <span class='ocrx_word' id='word_1_421' title='bbox 712 3615 793 3662; x_wconf 82' lang='lat' dir='ltr'><strong>codex</strong></span> <span class='ocrx_word' id='word_1_422' title='bbox 805 3614 915 3677; x_wconf 89' lang='lat' dir='ltr'><strong>optimus</strong></span> <span class='ocrx_word' id='word_1_423' title='bbox 926 3614 1014 3676; x_wconf 86' lang='lat' dir='ltr'><strong>literis,</strong></span> <span class='ocrx_word' id='word_1_424' title='bbox 1031 3616 1075 3663; x_wconf 88' lang='lat' dir='ltr'><strong>sed</strong></span> <span class='ocrx_word' id='word_1_425' title='bbox 1086 3615 1186 3678; x_wconf 77' lang='lat' dir='ltr'><strong>virgula</strong></span> <span class='ocrx_word' id='word_1_426' title='bbox 1198 3628 1284 3679; x_wconf 89' lang='lat' dir='ltr'><strong>super-</strong></span> 
     </span>
     <span class='ocr_line' id='line_1_41' title="bbox 165 3691 1283 3762; baseline 0.004 -18"><span class='ocrx_word' id='word_1_427' title='bbox 165 3696 247 3756; x_wconf 88' lang='lat' dir='ltr'><strong>posita</strong></span> <span class='ocrx_word' id='word_1_428' title='bbox 259 3695 385 3758; x_wconf 78' lang='lat' dir='ltr'><strong>significat</strong></span> <span class='ocrx_word' id='word_1_429' title='bbox 395 3691 426 3742; x_wconf 84' lang='grc' dir='ltr'><strong>τὸ</strong></span> <span class='ocrx_word' id='word_1_430' title='bbox 445 3694 493 3745; x_wconf 87' lang='lat' dir='ltr'><strong>UR</strong></span> <span class='ocrx_word' id='word_1_431' title='bbox 504 3695 685 3745; x_wconf 86' lang='lat' dir='ltr'><strong>adiiciendum:</strong></span> <span class='ocrx_word' id='word_1_432' title='bbox 698 3700 742 3747; x_wconf 87' lang='lat' dir='ltr'><strong>sed</strong></span> <span class='ocrx_word' id='word_1_433' title='bbox 755 3695 819 3745; x_wconf 83' lang='lat' dir='ltr'><strong>nilil</strong></span> <span class='ocrx_word' id='word_1_434' title='bbox 825 3695 887 3746; x_wconf 85' lang='lat' dir='ltr'><strong>cedit</strong></span> <span class='ocrx_word' id='word_1_435' title='bbox 897 3698 1006 3761; x_wconf 89' lang='lat' dir='ltr'><strong>reposcit</strong></span> <span class='ocrx_word' id='word_1_436' title='bbox 1016 3702 1168 3762; x_wconf 85' lang='lat' dir='ltr'><strong>praecedens</strong></span> <span class='ocrx_word' id='word_1_437' title='bbox 1181 3701 1283 3748; x_wconf 88' lang='lat' dir='ltr'><strong>verbum</strong></span> 
     </span>
     <span class='ocr_line' id='line_1_42' title="bbox 163 3779 1285 3846; baseline 0.005 -20"><span class='ocrx_word' id='word_1_438' title='bbox 163 3779 307 3841; x_wconf 70' lang='lat' dir='ltr'><strong>moaocuait.</strong></span> <span class='ocrx_word' id='word_1_439' title='bbox 338 3779 465 3843; x_wconf 78' lang='lat' dir='ltr'><strong>Suspectus</strong></span> <span class='ocrx_word' id='word_1_440' title='bbox 489 3788 587 3841; x_wconf 88' lang='lat' dir='ltr'><strong>autem,</strong></span> <span class='ocrx_word' id='word_1_441' title='bbox 614 3795 665 3828; x_wconf 91' lang='lat' dir='ltr'><strong>non</strong></span> <span class='ocrx_word' id='word_1_442' title='bbox 687 3782 758 3844; x_wconf 89' lang='lat' dir='ltr'><strong>quasi</strong></span> <span class='ocrx_word' id='word_1_443' title='bbox 779 3795 831 3830; x_wconf 89' lang='lat' dir='ltr'><strong>non</strong></span> <span class='ocrx_word' id='word_1_444' title='bbox 852 3790 879 3831; x_wconf 89' lang='lat' dir='ltr'><strong>et</strong></span> <span class='ocrx_word' id='word_1_445' title='bbox 897 3790 1000 3846; x_wconf 85' lang='lat' dir='ltr'><strong>aspectu</strong></span> <span class='ocrx_word' id='word_1_446' title='bbox 1021 3784 1135 3846; x_wconf 85' lang='lat' dir='ltr'><strong>placeat,</strong></span> <span class='ocrx_word' id='word_1_447' title='bbox 1161 3786 1205 3833; x_wconf 88' lang='lat' dir='ltr'><strong>sed</strong></span> <span class='ocrx_word' id='word_1_448' title='bbox 1225 3783 1285 3846; x_wconf 90' lang='lat' dir='ltr'><strong>qnia</strong></span> 
     </span>
     <span class='ocr_line' id='line_1_43' title="bbox 165 3863 1284 3931; baseline 0.004 -19"><span class='ocrx_word' id='word_1_449' title='bbox 165 3872 283 3925; x_wconf 89' lang='lat' dir='ltr'><strong>suspectu</strong></span> <span class='ocrx_word' id='word_1_450' title='bbox 299 3865 380 3927; x_wconf 82' lang='lat' dir='ltr'><strong>magis</strong></span> <span class='ocrx_word' id='word_1_451' title='bbox 396 3863 554 3925; x_wconf 83' lang='lat' dir='ltr'><strong>intelligitur.</strong></span> <span class='ocrx_word' id='word_1_452' title='bbox 577 3864 634 3912; x_wconf 88' lang='lat' dir='ltr'><strong>Iam</strong></span> <span class='ocrx_word' id='word_1_453' title='bbox 650 3865 821 3928; x_wconf 86' lang='lat' dir='ltr'><strong>probavimus.</strong></span> <span class='ocrx_word' id='word_1_454' title='bbox 841 3866 891 3916; x_wconf 85' lang='lat' dir='ltr'><strong>Sed</strong></span> <span class='ocrx_word' id='word_1_455' title='bbox 908 3874 933 3917; x_wconf 90' lang='lat' dir='ltr'><strong>et</strong></span> <span class='ocrx_word' id='word_1_456' title='bbox 950 3867 993 3916; x_wconf 90' lang='lat' dir='ltr'><strong>lib.</strong></span> <span class='ocrx_word' id='word_1_457' title='bbox 1007 3872 1047 3928; x_wconf 87' lang='grc'><strong>37,</strong></span> <span class='ocrx_word' id='word_1_458' title='bbox 1069 3874 1099 3917; x_wconf 88' lang='grc'>10</span> <span class='ocrx_word' id='word_1_459' title='bbox 1117 3866 1225 3931; x_wconf 76' lang='lat' dir='ltr'><strong>[potiusr</strong></span> <span class='ocrx_word' id='word_1_460' title='bbox 1243 3871 1284 3928; x_wconf 82' lang='grc'>117,</span> 
     </span>
     <span class='ocr_line' id='line_1_44' title="bbox 166 3945 1285 4016; baseline 0.006 -23"><span class='ocrx_word' id='word_1_461' title='bbox 166 3950 189 4006; x_wconf 84' lang='grc'><strong>9,</strong></span> <span class='ocrx_word' id='word_1_462' title='bbox 202 3952 242 4008; x_wconf 80' lang='lat' dir='ltr'><strong>lo,</strong></span> <span class='ocrx_word' id='word_1_463' title='bbox 257 3945 329 4010; x_wconf 80' lang='lat' dir='ltr'><strong>lte]:</strong></span> <span class='ocrx_word' id='word_1_464' title='bbox 346 3947 441 4011; x_wconf 80' lang='lat' dir='ltr'><strong>quondo</strong></span> <span class='ocrx_word' id='word_1_465' title='bbox 451 3946 597 4012; x_wconf 88' lang='lat' dir='ltr'><strong>praecellens</strong></span> <span class='ocrx_word' id='word_1_466' title='bbox 609 3947 675 3996; x_wconf 87' lang='lat' dir='ltr'><strong>debet</strong></span> <span class='ocrx_word' id='word_1_467' title='bbox 686 3965 735 3997; x_wconf 90' lang='lat' dir='ltr'><strong>esse</strong></span> <span class='ocrx_word' id='word_1_468' title='bbox 746 3949 770 3997; x_wconf 90' lang='lat' dir='ltr'><strong>in</strong></span> <span class='ocrx_word' id='word_1_469' title='bbox 781 3958 889 4013; x_wconf 85' lang='lat' dir='ltr'><strong>suspectu</strong></span> <span class='ocrx_word' id='word_1_470' title='bbox 900 3950 963 4000; x_wconf 84' lang='lat' dir='ltr'><strong>uelat</strong></span> <span class='ocrx_word' id='word_1_471' title='bbox 974 3967 1003 4000; x_wconf 84' lang='lat' dir='ltr'><strong>er</strong></span> <span class='ocrx_word' id='word_1_472' title='bbox 1014 3950 1155 4000; x_wconf 86' lang='lat' dir='ltr'><strong>carbunculo</strong></span> <span class='ocrx_word' id='word_1_473' title='bbox 1166 3950 1285 4016; x_wconf 79' lang='lat' dir='ltr'><strong>refalpens</strong></span> 
     </span>
     <span class='ocr_line' id='line_1_45' title="bbox 165 4029 1284 4100; baseline 0.006 -22"><span class='ocrx_word' id='word_1_474' title='bbox 165 4029 261 4092; x_wconf 84' lang='lat' dir='ltr'><strong>quidam</strong></span> <span class='ocrx_word' id='word_1_475' title='bbox 278 4031 303 4080; x_wconf 89' lang='lat' dir='ltr'><strong>in</strong></span> <span class='ocrx_word' id='word_1_476' title='bbox 315 4048 426 4096; x_wconf 87' lang='lat' dir='ltr'><strong>purpura</strong></span> <span class='ocrx_word' id='word_1_477' title='bbox 443 4032 524 4082; x_wconf 86' lang='lat' dir='ltr'><strong>leviter</strong></span> <span class='ocrx_word' id='word_1_478' title='bbox 540 4049 620 4081; x_wconf 87' lang='lat' dir='ltr'><strong>roseus</strong></span> <span class='ocrx_word' id='word_1_479' title='bbox 635 4033 704 4083; x_wconf 87' lang='lat' dir='ltr'><strong>nitor.</strong></span> <span class='ocrx_word' id='word_1_480' title='bbox 729 4035 829 4085; x_wconf 85' lang='lat' dir='ltr'><strong>Seneca</strong></span> <span class='ocrx_word' id='word_1_481' title='bbox 844 4045 897 4085; x_wconf 85' lang='lat' dir='ltr'><strong>nat.</strong></span> <span class='ocrx_word' id='word_1_482' title='bbox 915 4051 939 4098; x_wconf 86' lang='lat' dir='ltr'><strong>q.</strong></span> <span class='ocrx_word' id='word_1_483' title='bbox 955 4043 976 4098; x_wconf 96' lang='lat' dir='ltr'><strong>l,</strong></span> <span class='ocrx_word' id='word_1_484' title='bbox 991 4043 1012 4086; x_wconf 87' lang='lat'><strong>5.</strong></span> <span class='ocrx_word' id='word_1_485' title='bbox 1032 4035 1094 4086; x_wconf 83' lang='lat' dir='ltr'><strong>Sunt</strong></span> <span class='ocrx_word' id='word_1_486' title='bbox 1104 4037 1174 4086; x_wconf 80' lang='lat' dir='ltr'><strong>etrbm</strong></span> <span class='ocrx_word' id='word_1_487' title='bbox 1186 4036 1284 4100; x_wconf 85' lang='lat' dir='ltr'><strong>quidam</strong></span> 
     </span>
     <span class='ocr_line' id='line_1_46' title="bbox 165 4115 1284 4186; baseline 0.006 -22"><span class='ocrx_word' id='word_1_488' title='bbox 165 4115 259 4178; x_wconf 86' lang='lat' dir='ltr'><strong>colores,</strong></span> <span class='ocrx_word' id='word_1_489' title='bbox 272 4117 314 4179; x_wconf 82' lang='lat' dir='ltr'><strong>qui</strong></span> <span class='ocrx_word' id='word_1_490' title='bbox 324 4133 354 4166; x_wconf 81' lang='lat' dir='ltr'><strong>en</strong></span> <span class='ocrx_word' id='word_1_491' title='bbox 366 4117 491 4168; x_wconf 88' lang='lat' dir='ltr'><strong>intervallo</strong></span> <span class='ocrx_word' id='word_1_492' title='bbox 504 4117 550 4166; x_wconf 86' lang='lat' dir='ltr'><strong>aim</strong></span> <span class='ocrx_word' id='word_1_493' title='bbox 561 4134 629 4167; x_wconf 82' lang='lat' dir='ltr'><strong>enain</strong></span> <span class='ocrx_word' id='word_1_494' title='bbox 642 4117 772 4168; x_wconf 85' lang='lat' dir='ltr'><strong>ostendunt.</strong></span> <span class='ocrx_word' id='word_1_495' title='bbox 790 4119 906 4184; x_wconf 86' lang='lat' dir='ltr'><strong>Purpura</strong></span> <span class='ocrx_word' id='word_1_496' title='bbox 922 4120 1006 4186; x_wconf 69' lang='lat' dir='ltr'><strong>Tyrio,</strong></span> <span class='ocrx_word' id='word_1_497' title='bbox 1019 4138 1064 4186; x_wconf 86' lang='lat' dir='ltr'><strong>quo</strong></span> <span class='ocrx_word' id='word_1_498' title='bbox 1075 4119 1156 4170; x_wconf 85' lang='lat' dir='ltr'><strong>melior·</strong></span> <span class='ocrx_word' id='word_1_499' title='bbox 1167 4122 1284 4171; x_wconf 84' lang='lat' dir='ltr'><strong>saturior-</strong></span> 
     </span>
     <span class='ocr_line' id='line_1_47' title="bbox 165 4202 1284 4271; baseline 0.005 -22"><span class='ocrx_word' id='word_1_500' title='bbox 165 4216 209 4263; x_wconf 81' lang='lat' dir='ltr'><strong>qae</strong></span> <span class='ocrx_word' id='word_1_501' title='bbox 220 4209 263 4264; x_wconf 87' lang='lat' dir='ltr'><strong>est,</strong></span> <span class='ocrx_word' id='word_1_502' title='bbox 274 4216 301 4250; x_wconf 90' lang='lat' dir='ltr'><strong>eo</strong></span> <span class='ocrx_word' id='word_1_503' title='bbox 310 4209 400 4267; x_wconf 87' lang='lat' dir='ltr'><strong>oportet</strong></span> <span class='ocrx_word' id='word_1_504' title='bbox 410 4202 483 4253; x_wconf 84' lang='lat' dir='ltr'><strong>altius</strong></span> <span class='ocrx_word' id='word_1_505' title='bbox 495 4211 581 4267; x_wconf 84' lang='lat' dir='ltr'><strong>teneas,</strong></span> <span class='ocrx_word' id='word_1_506' title='bbox 594 4202 746 4269; x_wconf 80' lang='lat' dir='ltr'><strong>utfalporem</strong></span> <span class='ocrx_word' id='word_1_507' title='bbox 758 4221 823 4254; x_wconf 89' lang='lat' dir='ltr'><strong>suam</strong></span> <span class='ocrx_word' id='word_1_508' title='bbox 836 4204 950 4256; x_wconf 87' lang='lat' dir='ltr'><strong>ostendat.</strong></span> <span class='ocrx_word' id='word_1_509' title='bbox 968 4205 1034 4257; x_wconf 81' lang='lat' dir='ltr'><strong>Corn</strong></span> <span class='ocrx_word' id='word_1_510' title='bbox 1047 4208 1115 4270; x_wconf 88' lang='lat' dir='ltr'><strong>dicit,</strong></span> <span class='ocrx_word' id='word_1_511' title='bbox 1128 4223 1201 4271; x_wconf 89' lang='lat' dir='ltr'><strong>eoque</strong></span> <span class='ocrx_word' id='word_1_512' title='bbox 1212 4222 1284 4271; x_wconf 80' lang='lat' dir='ltr'><strong>quam</strong></span> 
     </span>
    </p>
   </div>
   <div class='ocr_carea' id='block_1_5' title="bbox 0 0 1464 4794">
    <p class='ocr_par' dir='ltr' id='par_1_8' title="bbox 0 0 1464 4794">
     <span class='ocr_line' id='line_1_48' title="bbox 0 0 1464 4794; baseline 0 0"><span class='ocrx_word' id='word_1_513' title='bbox 0 0 1464 4794; x_wconf 95' lang='lat' dir='ltr'><strong> </strong></span> 
     </span>
    </p>
   </div>
  </div>
 </body>
</html>
