2918 4794
161 287 202 351 86
649 287 808 350 anouovr'

196 458 249 522 [13,
259 457 303 521 29]
318 456 430 508 Redditis
442 473 459 505 a
467 456 576 506 Porsena
587 457 612 505 in
625 456 732 505 bonorem
745 454 807 518 eius]
820 458 895 507 Voss.
905 458 971 509 Gud.
980 460 1048 508 Men.
1058 459 1142 508 Aead.
1151 459 1283 509 Porsenna.

160 546 196 595 Ut
208 552 232 593 et
246 559 314 603 mox,
333 557 393 605 quae
405 542 543 591 Porsennae
555 541 713 590 mittebantur.
735 541 791 591 Lib.
804 547 846 603 34,
862 549 893 592 14
907 541 959 605 [39,
976 541 1048 604 139];
1060 541 1092 591 Ιη
1100 541 1209 607 foedere,
1222 541 1286 605 qnod

62 646 65 653 ’
160 627 262 691 expulsis
277 628 369 691 repibus
384 624 470 690 populo
482 625 592 675 Romano
604 624 670 674 dedit
681 626 814 676 Porsenna.
831 626 889 689 Lib.
902 632 943 689 36,
958 634 988 677 13
1004 627 1056 690 [19,
1070 625 1127 689 91]:
1145 626 1285 690 quemfecit

159 712 205 762 sibi
215 711 343 761 Porsinna.
362 712 451 775 Neque
467 712 540 760 aliter
555 713 623 773 apud
639 711 740 761 Livium
758 712 807 759 ho‘c
825 727 918 761 nomen
938 712 1100 762 scribendum
1122 720 1167 761 est.
1192 712 1285 763 Sedet

159 798 234 847 Voss.
251 796 299 844 nisi
316 794 418 844 Cloeliae
439 811 528 858 quaque
543 795 603 844 Piso
621 793 726 842 traderet
741 796 771 860 ab
789 794 826 843 bis
845 796 927 859 posita
943 796 986 858 qui
1004 812 1052 844 una
1075 793 1164 844 obsides
1178 796 1285 860 fuessent

159 880 257 929 redditis
268 897 285 928 a
296 881 421 930 Porsenna
436 879 552 940 bonorem,
570 880 624 928 sine
641 877 681 944 τῷ
694 879 719 927 in
735 887 761 928 et
772 877 811 944 τῷ
827 879 883 930 eius.
906 880 981 930 Unde
997 880 1111 943 suspicor
1127 879 1204 930 fnisse
1217 880 1283 943 posi-

160 975 206 1014 tum
219 975 266 1015 etc.
283 965 399 1014 bonorem.
421 966 469 1014 Est
481 965 548 1014 enim
562 963 655 1026 positus
667 962 741 1012 bonor
751 966 834 1028 posita
846 973 929 1014 statua
941 966 966 1013 in
979 966 1114 1013 honorem.
1133 965 1183 1014 Sed
1196 973 1222 1014 et
1233 965 1284 1015 hoc

159 1049 206 1097 nisi
226 1050 326 1098 ridetur
347 1063 424 1112 snpra
446 1049 549 1111 exigere
572 1047 690 1096 crederem
715 1063 761 1111 pro
786 1046 933 1098 crediderim.
965 1048 1008 1098 Sic
1029 1050 1106 1111 igitur
1126 1048 1167 1098 fue
1188 1050 1284 1099 habeas

160 1148 261 1183 omnem
277 1136 373 1183 laeum:
390 1132 464 1182 Hanc
478 1131 582 1195 primam
599 1149 650 1182 cum
666 1129 759 1181 Coclitis
773 1132 866 1196 publice
883 1131 987 1181 dicatam
1003 1131 1120 1182 crederem
1137 1131 1207 1192 (Atto
1223 1133 1285 1181 enim

160 1233 189 1266 ac
205 1216 312 1282 Sibyllae
330 1216 484 1280 Tarquinium
502 1225 525 1265 et
544 1233 610 1281 repes
630 1217 676 1266 sibi
694 1217 758 1280 s'psos
772 1217 879 1280 posuisse
900 1217 1031 1266 verosimile
1046 1216 1098 1279 est),
1116 1217 1163 1265 atsi
1182 1215 1285 1266 Cloeliae

159 1302 324 1365 quoque'Piso
342 1300 448 1350 maderet
463 1303 494 1350 ab
511 1301 548 1350 bis
559 1303 674 1364 positum,
691 1317 752 1364 quae
768 1318 817 1350 una
834 1301 925 1350 obsides
937 1301 1056 1365 suessent,
1072 1299 1172 1350 redditis
1188 1317 1205 1348 a
1220 1301 1283 1350 Por-

158 1402 239 1448 senna,
256 1385 370 1434 bonorem.
395 1384 791 1436 naturamnaturaim
807 1386 933 1435 Porsenna
950 1384 1058 1434 bonorem
1076 1385 1165 1436 babuit.
1183 1386 1283 1447 Vulga·

158 1479 213 1520 tum
230 1473 263 1520 ah
280 1471 421 1520 Hermolao
440 1479 486 1531 est,
505 1485 563 1519 cum
580 1470 708 1533 legeretur
725 1469 834 1518 bonorem
852 1470 902 1519 eins
919 1469 1008 1519 babuit.

193 1553 246 1616 [14,
258 1552 302 1615 30]
319 1551 345 1602 C.
357 1552 521 1616 PompilioII.
533 1552 676 1615 consulibus]
695 1555 770 1604 Voss.
786 1550 812 1603 C.
824 1553 920 1618 Popilio
931 1553 977 1616 H,
989 1556 1027 1604 uti
1037 1564 1127 1604 notum
1140 1563 1178 1604 est
1190 1569 1284 1603 nomen

159 1641 208 1687 hoe
217 1638 281 1700 'fingi
293 1638 391 1687 debere.
409 1639 443 1687 Et
453 1637 557 1687 fuerunt
568 1654 591 1688 a.
603 1639 636 1689 U.
650 1638 680 1689 (t.
693 1643 750 1688 595.

193 1723 258 1774 ΟΔΡ.
274 1721 336 1771 VH.
355 1719 412 1783 [17,
430 1719 475 1782 ³7]
502 1719 558 1770 Cum
574 1721 697 1785 Lysippus
718 1721 753 1770 ad
772 1729 882 1770 sexcenta
903 1722 936 1771 X
954 1737 1026 1785 opera
1043 1721 1133 1782 fecisse
1152 1719 1282 1785 prodatur]

159 1808 298 1855 Varenum
317 1805 438 1869 Lysippus
456 1803 491 1852 ad
509 1801 596 1855 CIOD
613 1821 686 1869 opera
700 1805 792 1869 fecisse
808 1805 887 1854 datur.
917 1807 1016 1867 Scribe,
1030 1806 1121 1870 fecisse
1138 1803 1223 1854 edatur
1242 1806 1284 1853 vel

96 1902 143 1946 825
159 1889 259 1940 dbamr.
277 1891 387 1940 Pintiani
399 1890 472 1951 liber,
485 1890 543 1940 MD
547 1889 637 1952 fecisse
650 1889 768 1940 tradatur.
786 1893 855 1940 Men.
868 1905 979 1954 quoque,
992 1891 1076 1940 Aeaci.⁴
1084 1891 1151 1941 Gud.
1164 1887 1282 1937 Maur.

195 1972 252 2036 [18,
269 1971 314 2034 39]
334 1973 475 2024 Statuarum
491 1990 552 2037 quas
574 1974 673 2023 colossos
694 1973 790 2036 vocant]
809 1976 886 2024 Voss.
903 1973 1025 2024 colosseas.
1052 1974 1124 2026 Infra
1146 1972 1204 2036 [13,
1225 1970 1283 2033 45]ι

160 2058 300 2107 destinatum
318 2057 383 2106 illius
397 2058 516 2122 principis
533 2058 685 2108 simulacrum
702 2058 834 2109 colosseum.
852 2060 908 2110 Lib.
921 2064 962 2120 35,
976 2064 990 2107 5
1005 2057 1041 2122 [4,
1057 2058 1101 2121 26]
1124 2059 1197 2109 Mars
1213 2059 1283 2106 etiam

160 2160 221 2192 nunc
232 2142 314 2191 sedens
326 2142 448 2192 colosseas.

196 2225 258 2290 [lu]
276 2225 371 2290 Iupiter
386 2244 402 2276 a
423 2225 523 2277 Claudio
542 2226 645 2277 Caesare
661 2227 766 2289 dicatus,
785 2227 827 2290 qui
842 2235 939 2276 vocatur
954 2227 1115 2291 Pompeianus
1131 2244 1148 2277 a
1163 2219 1284 2277 vicinitate

162 2310 260 2374 tbeatrn]
286 2312 363 2362 Voss.
381 2310 491 2375 Iuppiter
506 2312 562 2361 aulo
583 2312 686 2362 claudio.
714 2313 809 2374 Scribe,
827 2329 844 2360 a
859 2298 925 2361 Divo
944 2310 1044 2361 Claudio
1063 2311 1167 2361 Caesare
1183 2311 1284 2363 dicatus.

159 2399 227 2448 Dein
238 2406 267 2446 ut
279 2405 304 2446 et
315 2398 438 2447 Academ.
450 2399 554 2462 Menap.
568 2399 763 2461 Gudianusque:
780 2397 823 2460 qni
834 2396 962 2445 devoratur
974 2397 1117 2460 Pompeiani
1128 2396 1215 2446 tbeatri
1225 2397 1283 2445 vici·

160 2482 241 2532 nitate.
266 2482 338 2544 Lege
360 2480 499 2543 devocatur,
517 2491 543 2532 et
557 2483 680 2544 intellige,
702 2482 858 2544 deprimitur,
874 2482 957 2531 minus
975 2483 1077 2543 grandis
1093 2489 1208 2546 apparet,
1225 2483 1283 2532 snb-

161 2568 276 2616 mittitur.
294 2567 338 2618 sic
349 2565 474 2614 obliterare
485 2567 529 2615 lib.
543 2572 584 2627 36,
598 2573 612 2615 5
626 2565 662 2628 [4,
676 2564 733 2628 27]τ
750 2553 843 2614 Romae
859 2564 953 2628 quidem
970 2565 1109 2629 mapnitudo
1124 2580 1219 2628 opernm
1232 2579 1284 2612 eam

161 2653 271 2702 obliterat
287 2670 317 2702 oc
328 2652 411 2716 mapnt‘
423 2652 552 2715 officiorum
565 2652 754 2716 nepotiarumque
770 2650 851 2699 acerui
865 2666 943 2699 omnes
959 2667 975 2698 a
992 2650 1185 2714 contemplatione
1201 2648 1285 2699 tullium

82 2799 86 2803 ⁵
161 2735 286 2786 abducunt.
306 2737 421 2784 Verbum
434 2736 513 2784 habes
525 2737 621 2796 libetis,
636 2743 651 2786 8
666 2734 718 2797 [19,
732 2733 790 2796 89]ε
808 2733 839 2783 In
856 2734 898 2783 boc
916 2752 932 2784 a
948 2734 1084 2784 simulacris
1100 2735 1196 2784 deorum
1212 2734 1285 2784 bomi-

162 2835 261 2882 numque
270 2817 429 2888 ,devocaverut
440 2818 632 2868 humanissimam
645 2827 729 2868 artem.

197 2901 255 2965 [18,
269 2900 313 2963 42]
337 2900 401 2952 CCC
416 2901 518 2962 tolentes,
536 2920 598 2966 quae
618 2900 776 2966 contulerant]
801 2904 878 2953 Voss.
895 2912 923 2953 ut
939 2912 965 2952 et
980 2903 1105 2953 Pintiani:
1127 2911 1303 2967 conteperant..

162 2991 229 3037 unde
241 2988 285 3036 ille
297 2996 428 3052 coeperant.
451 2991 536 3049 Forte,
556 2990 712 3050 confecerant.
734 2990 842 3038 Plautus
854 2989 934 3037 Mare.
951 2994 971 3048 l,
989 2995 998 3036 1
1015 2985 1090 3049 [vers.
1104 2986 1162 3048 94]s
1178 2986 1285 3036 Lucrum

161 3072 327 3137 inpensfacio.
339 3073 375 3121 ita
389 3071 505 3135 peculium
518 3073 614 3136 comicia
624 3071 725 3136 prande.
744 3073 862 3123 Secunda
873 3073 898 3120 in
911 3072 1016 3121 Rullum
1028 3070 1098 3133 [13]:
1110 3071 1219 3120 Primum
1228 3087 1285 3134 per-

162 3156 262 3206 mittitur
273 3156 368 3218 irpinito
381 3164 488 3219 potestas
505 3156 682 3205 innumerabilis
696 3156 812 3220 pecuniae
823 3154 982 3217 conficiendae
994 3155 1024 3204 de
1036 3153 1190 3219 vecbpalibas
1201 3155 1286 3203 vestris

161 3258 207 3290 non
217 3240 341 3306 fruendis,
352 3240 396 3289 sed
407 3240 549 3289 alienandis.
564 3239 626 3302 [Vel
639 3239 795 3304 conleperant.
813 3241 937 3290 Horatius
952 3238 1042 3304 [Epist.
1056 3247 1080 3301 2,
1094 3246 1117 3300 2,
1131 3238 1176 3301 26]
1189 3238 1287 3288 collecta
1378 3259 1381 3266 ·

161 3327 253 3376 viatica
262 3324 341 3374 multis
353 3324 487 3373 Aerunsnis.
505 3326 547 3374 Ex
558 3322 680 3372 Inserend.
693 3340 718 3387 p.
732 3321 802 3385 846]
820 3325 910 3383 Iidem,
928 3322 1009 3372 relicto
1024 3339 1105 3372 morae
1117 3322 1197 3372 taedio
1208 3325 1286 3373 obesse

162 3427 178 3458 a
198 3409 279 3460 rboda.
304 3411 370 3460 Gud.
387 3410 467 3456 abesse
488 3425 504 3456 a
524 3407 608 3479 rbado.
632 3409 756 3458 Acraem.
777 3409 858 3455 abesse
879 3405 972 3456 atbodo.
999 3409 1069 3457 Men.
1091 3406 1186 3456 mendic
1206 3409 1287 3457 abessa

162 3492 259 3542 arbodo.
277 3496 382 3553 Forsan,
396 3491 476 3540 relicto
488 3509 568 3541 morae
581 3491 658 3540 taedio
671 3492 775 3552 obsessis,
788 3490 1074 3541 Rbodii.100niecerem
1088 3493 1166 3541 etiam
1178 3493 1285 3541 obsessae
1303 3534 1307 3544 .

163 3575 257 3637 lilrodo,
271 3578 339 3638 quod
351 3585 413 3640 puto
426 3578 538 3628 voluisse
549 3578 709 3627 Pintisuum:
722 3577 766 3626 sed
777 3576 843 3624 illud
855 3575 936 3637 magis
949 3576 1043 3638 placet.

198 3660 251 3731 [18,
264 3659 309 3722 47]
327 3661 473 3722 Provinciae
491 3661 561 3711 Vibia
577 3661 650 3710 Avito
665 3658 828 3724 praesidente]
848 3661 924 3710 Voss.
941 3659 1024 3709 Dubio
1039 3659 1122 3708 Avito.
1145 3660 1200 3709 Hoc
1218 3660 1285 3707 enim

163 3756 187 3796 et
198 3761 294 3796 nomen
306 3748 359 3795 sius
371 3748 441 3809 apud
453 3747 573 3796 Tacitum
584 3745 627 3795 lib.
643 3752 672 3796 13
687 3744 739 3807 [54,
753 3743 797 3806 56]
811 3753 836 3794 et
851 3750 890 3794 14.
901 3745 1039 3793 annalium.
1128 3740 1142 3752 ⁹

197 3831 261 3882 Car.
274 3831 350 3881 VIII.
364 3828 417 3891 [tn
432 3828 476 3891 49]
490 3829 618 3884 Innumera
630 3830 749 3892 artificum
761 3827 897 3891 multitudo]
912 3831 987 3879 Voss.
1001 3829 1067 3880 (Iud.
1080 3829 1150 3877 Men.
1163 3826 1287 3876 innumera

160 3932 235 3979 prope
246 3914 298 3963 arti
315 3931 374 3964 cum.
393 3916 475 3966 Acad.
488 3914 611 3963 innumera
623 3931 713 3978 quoque
723 3929 796 3978 prope
807 3913 938 3975 artificum.

199 3998 252 4061 [19,
268 3999 310 4061 54]
334 3999 411 4056 Quam
424 3999 518 4049 Rornae
528 3998 646 4048 Aemilius
657 3998 761 4049 Paullus
778 3998 813 4047 ad
827 3997 908 4046 aedem
921 3999 1042 4047 Fortunae
1058 3994 1191 4058 dedicavit]
1210 3997 1287 4047 Voss.

165 4098 235 4145 quam
248 4084 340 4132 Romae
351 4084 445 4134 Paulus
456 4083 573 4133 Aemilius
584 4083 620 4132 od
630 4082 710 4132 aedem
716 4086 835 4148 fortunae
843 4082 937 4132 buinsce
949 4081 1036 4130 modiei
1044 4080 1139 4130 dicavit.
1158 4080 1209 4131 Ubi
1222 4082 1287 4131 duae

82 4174 97 4225 j
165 4168 252 4216 literne
265 4176 390 4232 superant.
413 4170 451 4218 At
466 4168 533 4218 infre
543 4170 620 4232 plane
632 4169 700 4218 idem
712 4169 863 4234 praecipuus
879 4168 955 4217 liber:
973 4164 1008 4214 ad
1022 4165 1103 4215 aedem
1112 4165 1229 4228 fortunae
1246 4163 1287 4212 bn·
