2918 4794
167 292 207 357 18
656 314 798 357 emeretr

166 474 192 515 et
206 465 365 515 intolerabile
381 459 476 527 (Ball’
494 460 595 526 οὕτως)
607 466 644 515 sic
659 474 794 515 necarunt:
811 479 870 514 nam
884 463 1017 529 impetibile,
1034 466 1103 529 quod
1119 467 1228 531 impetit,
1245 469 1288 518 vel

104 554 151 602 773
165 566 223 600 cnm
235 551 330 613 impetu
343 551 424 611 venit,
436 565 487 600 non
500 557 600 600 tautum
612 553 680 614 qnod
691 550 829 619 impetitur.
848 549 899 611 Qui
911 550 1002 599 labor?
1020 557 1130 614 quantus
1142 554 1245 604 aestuet
1261 562 1289 604 et

165 644 250 684 tamen
266 636 335 685 aliud
352 635 453 698 agebat,
472 648 530 684 cum
547 636 611 684 haee
623 636 749 695 scriberet,
767 642 796 683 ut
812 641 838 683 et
854 636 954 684 esemel.
972 632 1112 698 Impetibile,
1129 652 1145 686 o
1160 637 1288 702 principes

164 721 312 777 studiorum,
330 720 395 769 nibil
413 729 451 770 cst
467 720 538 768 aliud
555 734 633 782 quarn
650 717 789 783 impatibile,
807 726 832 767 et
848 734 895 782 pro
913 720 963 769 hoc
974 720 1039 769 illud
1052 728 1184 785 receptum
1194 730 1240 783 eet
1258 728 1288 771 ut

163 811 277 868 compecto
294 812 319 854 et
336 803 445 867 depectus
461 821 476 854 a
490 812 570 867 pacto,
589 803 690 867 imperco
708 813 734 853 et
749 811 897 867 compereunt
912 819 1019 866 apeme,
1036 804 1155 867 cory'essus
1166 820 1183 855 u
1190 805 1287 868 fassus,

162 904 289 953 consperpo
303 905 319 936 u
335 904 430 953 sparpo,
449 887 558 952 dispessis
574 888 682 936 manibus
698 904 714 937 u
728 886 816 950 passis,
834 885 959 948 defetiscar
975 902 991 935 a
1001 887 1102 947 falisca
1125 889 1184 939 Una
1200 897 1288 940 autem

163 975 216 1023 eius
235 973 386 1035 significatio
404 973 598 1036 antiquissimis,
615 973 717 1033 mediis,
734 972 926 1033 recentissimis,
943 987 997 1021 uon
1013 971 1153 1034 ferendum,
1170 973 1285 1034 nimium,

84 1086 88 1091 -
161 1058 358 1118 intolerandum,
375 1059 427 1107 sive
444 1059 477 1107 ob
496 1058 617 1118 dolerem,
635 1059 688 1107 sive
705 1058 738 1106 ob
755 1056 913 1105 inimicitiam
931 1063 976 1106 aut
987 1057 1170 1118 dissidentiam,
1187 1058 1240 1107 slve
1252 1060 1287 1108 ub

164 1142 359 1206 turpitudinem,
378 1143 565 1203 crudelitatem,
584 1150 609 1191 et
621 1143 720 1192 similia.
739 1141 795 1190 Iurn
811 1149 895 1190 autern
908 1141 945 1189 M.
963 1141 1064 1191 Tullius
1080 1142 1111 1189 de
1123 1140 1229 1191 Finibus
1240 1142 1284 1193 lib.

162 1232 185 1286 2,
206 1231 243 1278 17.
258 1225 328 1290 [pag.
342 1233 399 1276 243.
413 1225 525 1287 Madv.]:
539 1225 649 1288 dolorem,
666 1241 734 1289 quem
752 1241 799 1285 vos,
817 1240 886 1286 quum
904 1224 1016 1286 improbis
1029 1239 1131 1287 poenam
1143 1225 1284 1288 proponitis,

160 1310 308 1374 impetibilem
316 1310 419 1373 facitis,
436 1327 486 1358 curn
503 1310 631 1373 sapientem
643 1325 734 1372 semper
747 1308 802 1356 boni
810 1306 866 1371 plus
877 1307 964 1356 babere
976 1306 1055 1368 nullia
1073 1306 1222 1358 tolerabilem.
1240 1307 1286 1359 sic

161 1403 201 1444 est
216 1397 285 1458 apud
303 1397 381 1443 mein
399 1396 482 1444 bonae
498 1395 557 1443 fidei
570 1395 733 1452 membranis,
752 1395 798 1442 etsi
810 1393 887 1454 vulgo
900 1390 1061 1456 impatibilem.
1080 1393 1131 1444 Sed
1142 1393 1207 1442 nihil
1217 1394 1285 1442 inter

160 1480 225 1527 haec
243 1480 294 1527 duo
307 1481 418 1538 interest,
435 1480 483 1528 nisi
499 1480 568 1541 quod
580 1480 679 1528 aurium
696 1478 799 1527 fastidia
810 1479 945 1527 vastiorem
956 1477 983 1527 iu
995 1493 1025 1528 ea
1036 1492 1098 1528 vose
1109 1479 1217 1542 primam
1228 1478 1285 1528 lite·

160 1578 226 1622 rum,
241 1563 364 1611 leniorem
382 1563 496 1625 quintam
514 1570 673 1626 putaverunt.
692 1563 825 1612 Pintianus
842 1569 928 1611 autern
945 1564 994 1612 hee
1011 1564 1086 1612 etiam
1103 1563 1174 1612 locu:
1195 1578 1246 1611 cum
1263 1564 1286 1612 ei

160 1646 276 1696 valetudo.
295 1646 382 1697 Nostri
395 1647 444 1695 hae
461 1655 532 1710 parte
544 1646 608 1695 nihil
620 1654 727 1696 mutant.
748 1648 797 1698 Sed
810 1648 892 1696 omnis
904 1648 977 1697 loeus
990 1648 1026 1697 ita
1037 1630 1230 1712 concipiendus:
1242 1647 1286 1699 Sti

159 1733 244 1782 scimus
260 1733 421 1796 interemptum
437 1732 464 1781 P.
477 1731 571 1781 Licinii
584 1728 700 1780 Caecinae
713 1731 832 1795 praetorii
848 1731 895 1780 uiri
911 1741 1003 1795 putrem
1017 1731 1041 1780 in
1053 1732 1177 1797 Hispania
1188 1733 1284 1795 Bilbili,

159 1817 198 1864 cui
209 1815 318 1865 ualetudo
329 1815 466 1880 impetibilis
476 1814 554 1865 odium
567 1817 630 1865 vitae
633 1816 741 1879 fecisset.

194 1900 251 1963 [tta
275 1900 336 1963 201]
364 1902 431 1959 eras
448 1910 532 1951 uocant
550 1899 705 1966 leuipyretus]
728 1903 806 1952 Voss.
825 1900 984 1966 lesippretius.
1003 1902 1107 1957 Voluit,
1130 1906 1199 1966 quod
1221 1904 1285 1954 vidit

159 1986 305 2046 Pintianus,
324 1986 477 2051 lerippretus,
499 1987 597 2038 Graeca
615 1987 802 2036 terminatione.
832 1986 961 2035 Nimirum
978 1982 1183 2052 ληξιπυρέτους.
1211 1988 1284 2037 Male

158 2080 244 2121 autern
256 2081 391 2136 provectus
403 2074 510 2121 ulterius
521 2073 657 2121 Pintianus
668 2071 737 2130 facit,
756 2066 979 2134 ἀλεξιπυρέτουςε
992 2086 1051 2121 narn
1064 2067 1117 2119 ἀπὸ
1131 2071 1180 2120 τοῦ
1191 2068 1282 2137 λήγειν

157 2146 263 2205 dicitur.¹
274 2156 411 2206 Marcellus
424 2158 455 2204 de
468 2157 600 2204 medicam.
623 2171 679 2220 esp.
695 2160 733 2204 16.
751 2153 856 2204 Prodest
868 2161 891 2202 et
902 2154 944 2216 iis,
961 2154 1064 2217 quisine
1076 2153 1172 2204 horrore
1184 2154 1284 2205 circuitu

150 2240 257 2301 febrium
270 2250 398 2291 vexantur:
410 2241 558 2304 qrcamobrem
572 2239 711 2305 lenippretos
723 2239 781 2288 llaec
792 2239 927 2303 compositio
939 2238 1033 2288 dicitur.

193 2322 249 2386 [ta
267 2324 328 2387 202]
351 2325 460 2390 Lonpum
481 2342 509 2374 ac
528 2324 640 2389 pusillum
658 2333 681 2373 et
697 2324 732 2373 ad
751 2340 829 2373 omnes
847 2325 943 2386 effectum
961 2321 1089 2385 valentius]
1112 2324 1254 2374 Proferam
1269 2340 1284 2374 e

158 2409 231 2460 Chifl.
250 2409 320 2475 lorsqu
336 2420 359 2459 et
371 2409 461 2475 pusilla
477 2419 499 2458 et
511 2408 545 2458 ad
556 2426 634 2458 omnes
645 2412 741 2475 effectam
753 2408 894 2460 ualentiora.
913 2393 1055 2459 Vossianus
1067 2408 1188 2472 amplius:
1206 2408 1284 2457 maius
1334 2434 1339 2442 ·

158 2493 260 2544 rotunda
276 2504 298 2544 et
314 2496 396 2559 capita
412 2513 442 2545 ac
456 2495 561 2544 silvestri
571 2495 642 2560 lonpa
654 2503 676 2543 et
684 2494 788 2559 pusillas
800 2503 822 2543 et
833 2493 875 2544 ad.
893 2495 969 2544 Unde
981 2497 1075 2544 scribas
1087 2494 1156 2544 licet:
1173 2492 1282 2544 &duum

159 2597 224 2628 emere
242 2581 332 2629 utlaius:
348 2580 451 2629 rotunda
468 2581 490 2628 ei
505 2581 596 2644 capita,
615 2588 641 2628 ut
651 2579 755 2628 siluestri
766 2579 837 2643 lampa
850 2587 872 2627 et
882 2577 982 2642 pusilla,
999 2577 1042 2626 sed
1052 2577 1088 2626 ad
1098 2593 1175 2626 omnes
1187 2577 1284 2640 ficetur

159 2664 298 2713 valentiora.
318 2665 359 2713 Sic
375 2665 418 2712 tib,
432 2671 476 2722 21,
494 2670 507 2712 6
524 2663 581 2725 [17,
599 2663 643 2724 31]
657 2665 689 2713 de
702 2679 788 2713 eroco:
807 2662 915 2714 Setinum
929 2663 1000 2712 iatius
1012 2663 1133 2726 mairtsque
1145 2670 1167 2711 et
1177 2659 1282 2710 nitidius.

160 2749 292 2798 Gudianus
305 2763 405 2810 quoque
418 2756 444 2796 et
454 2748 599 2810 Menapius‚
612 2748 695 2795 moitis.
715 2747 767 2798 Sed
780 2756 805 2797 et
816 2748 951 2798 Pintianus
963 2764 977 2798 a
989 2764 1035 2798 suu
1047 2747 1123 2796 maius
1135 2754 1161 2796 et
1171 2745 1282 2796 rotunda.

159 2835 293 2896 Andagav.
305 2832 382 2880 ineius
398 2830 499 2880 rotunda
511 2841 533 2881 et
544 2832 626 2896 capita
638 2850 667 2881 uc
684 2831 788 2881 siluestri
800 2832 870 2896 lonpa
882 2841 924 2880 ant
935 2831 1037 2896 pusillus
1048 2840 1071 2880 et
1082 2831 1117 2881 ad
1131 2848 1209 2880 ornnes
1224 2831 1282 2894 effe-

160 2925 210 2965 etus
222 2915 360 2965 aeterniora.

195 2999 252 3063 [76,
267 3001 329 3064 203]
348 3000 540 3065 Experirnentum
558 3010 581 3050 et
596 3001 620 3051 in
637 3019 714 3066 aqua,
733 3001 791 3066 quia
802 3001 897 3064 nebula]
917 3003 992 3052 Voss.
1006 3002 1115 3064 quoniam
1128 3008 1154 3050 ut
1169 2999 1283 3050 nubecula

160 3086 260 3137 innatat.
278 3090 321 3138 lib.
339 3095 384 3149 28,
402 3095 416 3138 6
436 3087 492 3150 [19,
511 3087 568 3150 68]:
592 3087 665 3138 arato
677 3097 699 3136 et
711 3088 735 3137 in
748 3105 796 3151 qna
808 3085 908 3150 (urina)
921 3087 993 3136 ueluti
998 3087 1112 3150 furfures
1129 3094 1201 3149 atque
1213 3086 1282 3134 nube·

160 3173 226 3223 culae
237 3182 363 3238 apparent.
382 3172 508 3224 Nubecula
520 3181 545 3224 et
556 3175 696 3224 Pintianus.

193 3259 257 3309 Car.
269 3261 343 3310 XlX.
358 3257 411 3320 [ta
423 3256 485 3320 207]
500 3258 604 3322 Speciem
614 3274 738 3321 passerum
752 3255 970 3322 praesentantibus]
984 3256 1104 3306 Tantavit
1116 3256 1184 3304 bunc
1196 3252 1281 3302 locum

160 3342 174 3390 ὁ
188 3341 255 3391 πάνυ
273 3345 305 3392 ad
323 3343 440 3392 Solinum
455 3357 514 3406 pag.
535 3349 616 3404 1356,
633 3351 661 3392 ut
676 3352 764 3392 tamen
781 3358 900 3405 magnam
918 3350 1014 3406 partem
1031 3343 1099 3389 idem
1117 3341 1194 3399 dicut,
1211 3339 1282 3401 qued

159 3430 263 3490 priores.
282 3442 343 3474 nam
356 3423 386 3473 τὸ
400 3425 518 3488 aphrodes
530 3422 588 3474 ἀντὶ
601 3427 650 3474 τοῦ
662 3426 738 3490 upbro
749 3427 896 3477 iamdudum
910 3443 943 3477 ax
955 3425 1106 3476 Dioscorida
1118 3422 1282 3472 inculcabant

160 3512 297 3574 margines:
314 3511 425 3560 Plinium
443 3519 528 3560 autem
546 3511 637 3561 Graeci
650 3512 761 3562 auctoris
773 3508 804 3559 τὸ
818 3509 973 3576 στρουθίον,
988 3524 1052 3574 quae
1064 3510 1144 3558 herba
1157 3514 1218 3568 erat,
1233 3521 1281 3570 pro

160 3610 260 3660 passere
273 3597 401 3659 accepisse
414 3603 477 3645 etse
489 3597 643 3660 suspicatum
655 3597 744 3645 scribit
755 3597 944 3660 Daleeampius,
958 3605 983 3645 et
994 3603 1054 3644 ante
1065 3591 1281 3655 utrumque‘Her-

161 3681 220 3730 mol.
244 3681 371 3730 Barbarus
385 3681 536 3730 observavit.
560 3680 619 3742 Qui,
638 3682 853 3742 quemadmodum
866 3689 892 3729 ct
904 3680 1052 3740 Salmasius,
1065 3682 1173 3730 advocat
1184 3672 1281 3740 reprea-

160 3765 311 3814 cantantibus.
336 3766 414 3814 Liber
431 3766 541 3828 optimus
558 3775 583 3815 et
595 3767 672 3814 editio
684 3767 832 3816 Parisiensis
850 3766 910 3814 anni
925 3770 997 3815 1514.
1013 3763 1184 3828 praesentibus.
1206 3762 1282 3812 Unde

160 3851 309 3912 legendnm,
326 3849 428 3912 speciem
437 3866 560 3913 passerum
571 3850 750 3914 praebentibus,
769 3850 879 3900 dictione
890 3850 1008 3899 Liviana:
1025 3850 1094 3913 apud
1111 3862 1186 3911 quem
1197 3846 1282 3896 simile

160 3935 250 3983 vulnus
268 3935 412 3983 curavimus
429 3935 471 3983 lib.
485 3941 524 3994 25,
540 3943 570 3985 16
584 3933 611 3999 [ξ
627 3934 678 3997 19].
696 3936 788 3985 Noster
799 3936 842 3984 lib.
856 3940 897 3996 24,
912 3939 942 3984 15
957 3930 1083 3996 [87,137]
1100 3929 1229 3980 orbiculato
1236 3931 1281 3994 so-

161 4015 243 4065 liorum
261 4018 365 4079 anrbitu,
382 4018 481 4081 speciem
498 4017 552 4068 lecti
567 4018 652 4083 pedum
667 4019 799 4083 praebenti.
818 4020 859 4070 Sis
873 4021 939 4068 enlm
956 4027 983 4067 et
993 4020 1069 4068 Voss.
1081 4016 1123 4066 lib.
1137 4020 1182 4077 20,
1198 4021 1213 4065 9
1227 4012 1282 4076 [tta

161 4097 217 4159 98]:
234 4100 284 4151 Sed
302 4110 369 4150 tantu
386 4101 422 4151 uis
439 4110 482 4163 est,
501 4106 527 4151 ut
537 4104 631 4153 auidius
643 4102 749 4152 baustum
764 4104 848 4173 tr'nqtue
860 4103 954 4152 animae
966 4108 1078 4149 strumento
1090 4099 1172 4163 aliquo
1183 4097 1282 4163 speciem

157 4186 279 4246 praebeat.
