2918 4794
285 982 482 1042 ILLUSTRI
496 984 550 1040 ΕΤ
567 981 821 1044 SINGULARIS
837 984 1026 1042 EXEMPLI
1041 983 1142 1042 VIRO

174 1170 1237 1292 rounnnrenrnunno

338 1483 344 1493 1
421 1420 498 1462 REGI
513 1419 789 1462 CHRISTIANISSIMO
805 1421 825 1461 A
841 1420 992 1462 CONSILIIS

357 1588 553 1665 IOHANNIS
579 1589 809 1665 FREDERIOUS
836 1590 1060 1667 GRONOVIUS.

611 1786 813 1796 ----.--

151 1880 334 1999 Antigonus
356 1923 498 1995 Gonatas,
523 1924 666 1983 Demetrii
685 1924 871 1983 Poliorcetae
890 1926 979 1995 filius,
1007 1924 1153 1982 Iohannes
1173 1923 1270 2000 Cape·

150 2034 229 2104 lane,
251 2035 306 2093 Vir
320 2034 460 2106 Illustris,
481 2035 560 2110 apud
575 2035 673 2111 Argos
687 2034 752 2092 loco
772 2037 853 2092 tutus
868 2041 897 2092 et
912 2033 991 2092 vallo
1006 2034 1133 2106 clausus,
1154 2035 1270 2111 Pyrrho

150 2142 299 2218 Epirotae,
321 2144 372 2218 qui
386 2145 597 2219 propemodum
613 2146 691 2201 omni
706 2143 880 2201 Macedonia
894 2162 960 2200 eum
976 2145 1140 2219 expulerat,
1161 2163 1270 2220 provo-

151 2253 228 2309 canti
249 2259 279 2309 et
297 2252 443 2327 ignaviam
464 2253 652 2327 exprobranti
672 2253 838 2327 respondit,
865 2269 949 2310 suam
976 2253 1189 2329 expeditionem
1211 2272 1270 2313 non

151 2380 316 2432 armorum,
344 2361 395 2418 sed
417 2361 556 2435 temporis
576 2378 649 2418 esse.
685 2361 749 2418 Nec
767 2380 834 2418 raro
853 2362 902 2432 fit,
925 2369 958 2419 ut
975 2379 1052 2437 quae
1071 2381 1109 2419 ex
1127 2363 1270 2421 destinato

150 2489 316 2546 magnaque
330 2471 407 2527 mole
421 2470 629 2545 suscipiuntur,
653 2488 758 2547 aspera
776 2470 920 2545 foedaque
940 2471 1089 2541 eveniant3
1110 2491 1186 2546 quae
1206 2473 1271 2530 sola

151 2580 249 2639 elicuit
263 2581 477 2655 opportunitas,
498 2597 666 2654 quanquam
680 2581 862 2656 inapparata,
878 2582 1036 2640 bellissime
1049 2583 1170 2640 cadant:
1192 2583 1271 2656 quod

151 2690 227 2747 etin
247 2690 360 2747 duobus
380 2690 439 2747 illis
459 2691 596 2765 apparuit
615 2691 743 2766 regibus.
778 2690 836 2750 Sed
861 2710 879 2748 a
904 2695 1047 2750 cothurno
1074 2693 1111 2750 sd
1136 2711 1269 2751 soccum:

151 2798 237 2856 huius
252 2798 395 2873 opusculi,
417 2800 496 2872 quod
510 2799 601 2870 vides,
622 2801 659 2857 de
673 2818 810 2858 successu
825 2801 1012 2875 pronuntiare
1026 2820 1084 2859 non
1099 2808 1145 2859 est
1159 2821 1271 2860 meume

151 2907 297 2965 occasioni
310 2907 403 2981 magis
417 2902 449 2964 id
463 2925 552 2983 quam
567 2907 688 2965 consilio
703 2909 808 2965 debere
828 2910 970 2982 originem
990 2910 1085 2966 dicere
1104 2918 1133 2967 et
1152 2929 1271 2985 possum

151 3021 182 3073 et
197 3016 366 3091 compellor,
388 3035 436 3086 ne,
458 3016 537 3090 quod
552 3024 688 3073 truncum
704 3017 818 3074 videtur
832 3016 969 3091 et‘capite
989 3024 1077 3089 atque
1097 3018 1176 3076 calce
1191 3021 1272 3077 defe-

152 3134 241 3197 ctum,
264 3144 346 3182 meae
367 3125 494 3182 desidiae
516 3131 568 3182 aut
586 3124 705 3182 fastidio
725 3125 917 3182 adscribatur.
950 3125 1071 3184 Isaacus
1086 3135 1131 3184 est
1145 3125 1272 3186 Vossius

153 3243 260 3305 noster,
281 3252 340 3290 non
355 3234 419 3305 tibi,
439 3253 495 3291 non
517 3235 653 3308 cuiquam
672 3234 774 3310 paullo
793 3234 958 3292 humaniori
978 3236 1026 3293 vel
1048 3253 1066 3292 a
1085 3245 1168 3311 patre
1187 3238 1235 3293 vel
1254 3256 1273 3294 a

152 3343 294 3401 fratribus
308 3343 356 3400 vel
373 3344 409 3400 ab
424 3361 487 3401 sese
506 3345 635 3418 ignotus,
657 3345 707 3419 qui
727 3345 861 3420 copiosae
880 3364 915 3402 ec
934 3354 1152 3405 consummatae
1173 3348 1273 3405 erudi-

153 3452 224 3510 tioni
246 3460 276 3510 et
293 3451 420 3511 foetibus
441 3455 550 3528 ingenii
570 3454 822 3528 excogitatissimis
844 3455 991 3512 adstruxit
1009 3458 1116 3515 subtile
1135 3458 1273 3515 iudicium

153 3568 184 3620 et
204 3563 332 3620 nobilem
353 3573 501 3639 sumptum
521 3565 552 3621 in
573 3566 748 3621 membranis
769 3574 798 3621 et
817 3564 924 3622 chartis
944 3566 1010 3622 aevi
1030 3567 1119 3640 prisci
1138 3565 1272 3623 literatis.

153 3673 220 3730 Hoc
233 3674 336 3747 ingens
350 3674 576 3731 instrumentum
591 3683 636 3730 est
650 3673 796 3730 doctrinae
811 3683 941 3731 veterum
957 3676 1071 3749 cupidis
1083 3675 1273 3748 aemulisque.

154 3781 271 3839 Accidit
284 3784 360 3840 enim
375 3783 560 3851 naturaliter,
584 3787 617 3838 ut
631 3798 690 3854 quo
706 3781 823 3855 saepius
838 3789 1017 3840 renovantur
1031 3773 1061 3839 ei
1075 3792 1275 3859 propagantur
1289 3791 1337 3841 764

154 3891 221 3948 libri
235 3891 297 3949 sive
311 3910 400 3948 manu
415 3891 477 3948 sive
491 3888 641 3960 torculari,
662 3908 740 3947 nova
754 3889 918 3965 concipiant
939 3892 1020 3964 vitia,
1042 3892 1090 3950 vel
1105 3910 1202 3949 errore
1215 3894 1274 3950 hu·

155 4017 253 4070 mano,
275 3998 322 4056 vel
342 4000 504 4058 temeritate
524 3999 709 4071 mutantium,
729 4016 805 4072 quae
823 4019 881 4057 non
902 4001 1030 4076 capiunt.
1064 4002 1104 4060 Et
1124 4011 1221 4060 tamen
1240 4004 1277 4061 de

156 4107 238 4166 nullo
259 4109 451 4183 cuiusquam,
474 4108 535 4168 sive
555 4108 818 4184 Theologumenon
839 4116 972 4168 auctores
994 4128 1181 4187 percenseas,
1202 4131 1276 4188 quos

1055 4206 1073 4244 1
