2918 4794
478 299 583 341 66616
599 299 642 338 nn
657 298 739 339 unsa.
754 292 850 339 xxxi.
866 296 973 339 xxxn.
1241 276 1280 340 67

130 453 134 463 ’
198 452 308 503 06611.
322 448 375 511 [46,
390 446 451 509 116]
469 446 529 497 Item
541 455 624 497 cantra
636 461 734 511 arpena
745 445 870 495 66616666.
898 446 992 510 Unpues
1008 443 1124 495 decoctum
1136 461 1186 495 cum
1195 445 1280 510 passo]

164 536 264 586 chiflet.
278 543 303 583 et
314 540 423 596 quatuor
434 534 521 592 nostri,
534 547 652 595 arpenas.
670 532 747 581 Voss.
758 546 878 594 arpeman.
896 532 986 579 Potest
996 531 1117 591 excusari,
1131 537 1159 580 ut
1171 545 1221 579 rum
1233 546 1282 580 ser-

163 618 209 667 uili
218 617 312 666 schema
323 624 349 666 et
364 616 494 680 imperatae
505 615 612 663 selenae
628 614 671 664 lib.
682 621 722 674 69,
736 621 750 664 6
764 612 817 676 [88,
833 611 906 675 123]:
925 613 986 663 Item
998 613 1023 662 in
1039 612 1238 677 palliaaceiselle
1249 613 1285 662 ad

164 716 285 765 arqemam
295 707 318 748 et
325 699 455 764 albupiaes.
465 700 508 750 Sic
513 700 653 748 Vossianus
662 707 689 747 et
697 699 723 746 iu
732 707 804 762 parte
814 697 913 747 Chiflet.
924 695 1129 758 M0x[ss,1ns]:
1139 696 1246 760 Arpema
1255 710 1284 744 66

71 807 80 816 ·
163 783 231 834 melle
239 784 353 846 omuibus,
363 800 423 847 9666
434 799 510 847 supra
521 783 612 846 scripta
623 789 684 842 suut,
693 790 801 831 sanatur.
819 783 969 840 Vossianus,
981 780 1118 845 Argamum,
1131 782 1230 841 deinde,
1242 795 1283 829 sa·

165 877 260 918 nanmr.
273 869 360 920 Scribe
368 876 464 917 sanant.
477 867 565 917 Refert
576 868 642 916 enim
656 868 720 916 haec
732 880 765 916 ex
777 866 897 930 opinione
906 868 1075 927 quorundam:
1085 872 1114 914 ut
1125 865 1213 927 paullo
1226 872 1284 915 ants

164 950 277 1014 suadent,
291 951 444 1016 promittitur.
462 952 529 1000 unde
546 952 660 1015 suspicor
677 957 702 1000 61
719 957 844 998 extenuare
862 949 1030 999 scribendum.
1054 949 1120 1000 (ind.
1140 962 1241 1013 quoque
1258 957 1284 999 et

167 1039 246 1086 Acad.
258 1044 386 1085 sanantur:
403 1036 486 1085 Acad.
505 1034 613 1099 Arpcma
629 1042 652 1083 et
667 1050 697 1082 err
712 1032 786 1083 melle.
813 1034 944 1084 Posterior
959 1042 1030 1083 aetas
1047 1034 1129 1083 multo
1146 1034 1172 1082 iu
1184 1034 1225 1084 his
1235 1033 1285 1083 tuit

165 1121 287 1169 licentior.
315 1121 483 1183 Marculphus
500 1120 544 1168 lib.
559 1126 581 1169 1.
598 1118 671 1168 form.
693 1125 714 1169 l.
733 1126 756 1166 et
771 1126 877 1166 sunctum
894 1117 997 1166 chrisma
1011 1117 1116 1181 siapulis,
1133 1117 1156 1166 si
1171 1117 1287 1168 uolumini

164 1203 293 1268 postulare,
307 1221 353 1268 pro
368 1203 500 1254 reuerentia
517 1201 710 1266 locisinepretia
721 1200 840 1251 cancedat.
864 1202 906 1253 Sic
918 1203 995 1252 edidit
1008 1201 1049 1253 cl.
1061 1202 1211 1266 Bignonius.
1235 1203 1285 1255 Sed

166 1291 192 1338 in
204 1289 357 1338 membranis
373 1287 554 1350 antiquissimis
569 1288 621 1350 legi
633 1293 739 1335 sanctam
752 1285 885 1335 chrismam.
909 1287 1049 1337 Vossianus
1067 1287 1144 1336 etiam
1160 1289 1242 1337 nescit
1253 1284 1285 1337 τὸ

165 1388 224 1433 eum,
241 1374 414 1423 hebetantem
426 1369 526 1420 adiuuat
537 1368 572 1419 ad
586 1368 725 1432 claritatem,
742 1372 796 1421 sine
808 1369 848 1435 τῷ
857 1371 953 1432 nimum,
970 1373 1039 1434 quod
1050 1386 1098 1420 nec
1109 1372 1135 1420 in
1150 1371 1226 1422 chit.
1240 1381 1285 1422 est.

166 1459 297 1507 Fortasse:
316 1456 370 1504 item
382 1464 465 1504 cantra
477 1471 588 1520 arpemas
600 1453 725 1516 oculorum,
737 1453 868 1519 albupines,
881 1453 999 1505 decoctum
1008 1472 1082 1519 passo
1093 1456 1118 1504 in
1130 1455 1189 1504 mali
1199 1455 1289 1506 Punici

166 1539 247 1591 calice.
269 1537 380 1589 Adiuvat
390 1538 425 1588 ad
434 1531 572 1589 claritatem
581 1539 645 1588 uisus
661 1556 712 1588 cum
730 1539 796 1589 melle
812 1541 938 1589 inunctum.
966 1540 1008 1590 Sic
1023 1541 1068 1589 lib.
1081 1546 1122 1601 20,
1136 1547 1149 1590 5
1164 1537 1218 1602 [60,
1230 1538 1288 1602 40]r

167 1622 241 1674 Succe
252 1631 275 1670 et
283 1624 405 1672 cicatrices
417 1623 535 1673 oculorum
548 1632 570 1672 et
581 1600 704 1688 albupiues
716 1632 738 1672 et
749 1640 847 1688 arpena
859 1625 978 1674 inuasere.
997 1626 1039 1674 lib.
1051 1630 1092 1686 22,
1104 1631 1136 1675 25
1150 1622 1203 1686 [76,
1216 1621 1287 1685 159]6

166 1708 221 1757 Hoc
231 1706 266 1756 ad
283 1708 394 1757 Venerem
405 1705 574 1756 stimulandam
586 1716 610 1755 et
620 1705 656 1755 ad
665 1706 785 1756 oculorum
794 1723 901 1772 arpema,
914 1707 1043 1772 albupines.
1060 1708 1120 1758 Pati
1129 1708 1288 1772 6111166616-

167 1795 225 1842 dato
239 1792 315 1843 Voss.
326 1792 382 1841 Lib.
397 1797 438 1853 68,
451 1799 465 1842 6
480 1790 533 1852 [18,
547 1789 590 1853 66]
605 1799 689 1839 cauma
704 1789 822 1838 oculorum
840 1790 1145 1854 albupines„obscuritates,
1157 1790 1288 1852 cicatrices,

166 1892 271 1940 arpenta.
295 1877 351 1926 Nisi
363 1876 437 1926 malis
449 1876 547 1939 inuapes
557 1890 604 1939 pra
617 1889 712 1938 669666.
740 1874 794 1924 Nec
805 1874 899 1935 frustra
911 1875 1028 1923 adiicitur
1039 1876 1198 1938 praepositio,
1211 1889 1289 1936 quam

166 1968 192 2009 et
202 1962 285 2010 Acad.
297 1977 375 2011 manu
387 1963 498 2010 secunda
510 1961 610 2009 invenio
624 1958 785 2022 adscriptam.
810 1958 876 2007 Vide
888 1960 921 2006 ad
933 1959 1035 2008 Livium
1048 1958 1090 2007 lib.
1104 1963 1144 2018 69,
1159 1964 1181 2008 1.

200 2042 254 2106 [ta
273 2043 333 2106 166]
352 2044 503 2108 Pruripinem
516 2042 620 2092 alumine
629 2043 742 2106 permr'sto
760 2040 831 2104 tollit]
856 2044 958 2093 Partem
974 2043 1050 2092 huius
1067 2043 1170 2106 capitis,
1189 2040 1288 2100 abillo,

165 2126 261 2178 Addita
277 2136 300 2176 et
314 2129 394 2177 resina
410 2128 486 2177 initiis
502 2144 553 2177 cum
565 2136 630 2176 aceto
642 2126 744 2176 illinitur
757 2126 811 2189 [46,
828 2125 897 2189 118]
913 2129 1005 2191 repetit
1018 2128 1157 2178 Vossianus
1169 2126 1289 2176 insertam
1312 2166 1317 2173 .

164 2211 209 2260 lib.
227 2218 260 2262 36
278 2227 333 2276 cap.
352 2217 365 2260 5
384 2210 437 2274 [60,
456 2210 511 2274 57].
529 2213 643 2275 Utroque
659 2219 744 2261 autern
756 2211 816 2261 loco
828 2213 937 2261 habetur
949 2210 1099 2275 Porripinem
1116 2209 1218 2259 alumine
1232 2223 1289 2272 per-

165 2295 238 2344 misto
252 2294 320 2345 tollit.
616 2310 620 2314 ’

534 2491 601 2556 An
624 2490 741 2588 nias.
764 2490 922 2557 xxxii.

200 2633 265 2682 Car.
278 2632 298 2680 I.
314 2630 349 2693 [1,
362 2629 389 2692 6]
407 2631 447 2680 De
458 2628 509 2679 ulla
518 2631 625 2694 potentia
636 2639 737 2680 naturae
748 2640 820 2695 61966
831 2629 928 2696 epfectu]
947 2631 1023 2682 Voss.
1041 2637 1143 2679 naturae
1155 2637 1254 2693 atquae
1266 2638 1290 2679 st
1302 2641 1351 2686 810

166 2717 257 2779 effectu.
281 2717 363 2778 Lege:
381 2713 410 2764 de
421 2713 472 2764 ulla
480 2716 588 2778 potentia
599 2723 701 2765 naturae
713 2716 780 2779 vique
799 2716 925 2778 61916616.
952 2716 1086 2778 Andegav.
1102 2722 1204 2764 naturae
1220 2723 1290 2778 61966

166 2801 257 2863 976616.
735 2799 737 2802 ⁴

202 2883 237 2946 [4,
253 2882 296 2946 10]
315 2883 450 2947 Pinpuique
466 2883 516 2930 eius
531 2884 687 2946 nepotratares
703 2890 725 2931 et
740 2883 841 2932 amnium
855 2881 967 2946 piscium]
986 2885 1062 2934 Voss.
1076 2883 1157 2948 pinpit
1173 2900 1223 2948 qua
1240 2884 1289 2933 eius

165 2974 305 3015 mercatores
314 2968 338 3015 in
350 2966 451 3030 epotiato
463 2952 605 3014 alumniam.
624 2967 694 3015 Men.
708 2974 733 3014 61
745 2966 812 3016 Gan.
825 2967 954 3030 pinquiquc
967 2967 1017 3014 eius
1028 2975 1169 3016 mercatores
1181 2968 1288 3031 nepotia-

167 3061 203 3099 tor
214 3058 236 3099 et
247 3051 354 3100 omnium.
377 3051 500 3099 Δ1666661.
515 3049 645 3112 pinpuique
656 3049 706 3098 eius
716 3057 856 3098 mercatores
867 3039 1020 3113 repatiantur
1028 3058 1052 3098 61
1063 3051 1172 3100 omnium.
1200 3051 1288 3101 Ande·

166 3151 222 3198 gav.
231 3135 362 3199 pinpuique
375 3134 425 3182 cius
438 3142 579 3182 mercatores
590 3132 721 3197 reponatur
738 3132 847 3183 omniurn.
877 3133 974 3184 Scribe:
989 3133 1119 3197 pinpuique
1137 3133 1187 3180 eius
1198 3147 1287 3180 mercu-

167 3229 227 3268 tores
238 3219 368 3283 nepatiatas
380 3226 402 3266 et
414 3218 495 3267 luorum
504 3217 606 3282 piscium
618 3216 690 3282 adipe
701 3216 801 3268 camelas
809 3217 920 3280 perunpi.
944 3220 1010 3268 Nam
1027 3222 1059 3268 66
1076 3218 1140 3267 haec
1157 3217 1244 3267 omnia
1256 3231 1289 3266 ex

166 3304 334 3367 superioribus
350 3303 515 3366 intelligimus
527 3301 589 3352 1666
607 3301 688 3352 tradit.
716 3302 791 3363 Quod
802 3311 887 3352 autem
901 3311 1046 3354 constanter
1057 3304 1100 3351 hic
1116 3301 1216 3364 legitur,
1232 3299 1288 3363 pin·

124 3387 127 3391 ’
165 3388 250 3451 quique
261 3387 318 3448 eius,
334 3402 366 3437 ex
376 3402 406 3437 eo
416 3403 504 3438 noscas
519 3389 579 3437 licet
592 3395 654 3436 cetos
663 3402 740 3451 supra
749 3387 843 3437 dixisse
853 3388 965 3436 Plinium
979 3401 1030 3437 666
1042 3400 1148 3435 numera
1160 3385 1288 3450 plurativo

167 3471 208 3534 (ut
225 3474 401 3522 existimarunt
418 3473 494 3522 etiam
512 3472 695 3523 accuratissimi
712 3470 778 3535 viri),
794 3473 842 3523 sed
858 3473 989 3536 singulari,
1007 3480 1036 3521 nt
1047 3471 1139 3523 Graeci
1154 3467 1185 3519 τὸ
1198 3471 1286 3534 κῆτος.

167 3558 272 3607 Frustra
283 3573 385 3620 quoque
397 3557 532 3607 subiiciunt
543 3564 624 3606 cetum.
641 3573 701 3607 nam
719 3565 780 3606 cetos
796 3564 898 3607 tuentur
910 3557 999 3620 optimi
1012 3558 1118 3607 codices.
1140 3557 1217 3606 adde
1228 3557 1287 3616 huc,

166 3656 231 3703 quae
242 3644 274 3691 ad
285 3643 329 3691 lib.
343 3648 384 3702 61,
399 3649 429 3692 16
444 3640 496 3704 [45,
511 3638 554 3702 77]
569 3643 685 3692 diximus.

201 3725 265 3775 Gar.
277 3727 311 3776 II.
327 3725 379 3788 [ll,
393 3724 438 3788 66]
457 3727 548 3776 Forma
559 3734 594 3773 est
612 3725 635 3774 ei
642 3725 750 3788 fruticis,
763 3725 826 3774 calar
839 3724 935 3787 uiridr's]
954 3725 1032 3775 Voss.
1045 3725 1115 3775 tollit
1126 3721 1156 3773 τὸ
1170 3725 1204 3773 ei:
1221 3725 1287 3785 dein,

167 3806 235 3870 euos,
253 3818 368 3875 utruepe
381 3812 559 3861 66666666.
719 3794 730 3819 ·

200 3894 265 3944 Gar.
278 3893 326 3944 111.
341 3893 394 3958 [la
408 3895 453 3958 67]
470 3892 692 3958 Corrumpisraude
703 3894 875 3944 condelectatus
882 3894 972 3959 96616ιί
979 3910 1030 3942 cum
1042 3892 1092 3942 sale
1100 3890 1287 3955 Hammoniaco]

166 3977 318 4028 Hermolaus
328 3980 458 4030 Barbarus
470 3987 580 4030 veterem
593 3980 729 4029 lectionem
742 3995 796 4029 6666
808 3987 943 4029 monuerat
959 3994 1012 4028 uon
1029 3994 1079 4027 cum
1096 3976 1159 4039 sale,
1176 3978 1219 4028 sed
1237 3992 1289 4026 cum

165 4062 291 4126 sanpuiue,
305 4074 331 4114 et
343 4079 400 4114 eam
412 4080 438 4114 se
451 4067 560 4130 probare
573 4079 606 4114 ex
617 4056 775 4125 Dioscorida,
794 4066 838 4128 qui
855 4065 921 4113 haec
936 4065 991 4128 ipsa
1008 4063 1061 4114 iere
1073 4063 1222 4112 adverbum
1235 4070 1288 4112 tra·

166 4146 216 4194 dat.
239 4149 307 4197 Eece
319 4149 392 4211 alius,
404 4151 457 4200 sive
468 4151 489 4200 is
499 4150 679 4214 Dalecampius
691 4157 737 4210 661,
750 4150 794 4218 961
806 4151 838 4198 66
848 4149 988 4212 marginem
1002 4149 1115 4210 corrigit:
1129 4146 1289 4211 corrumpitur

157 4227 253 4289 fraude
264 4231 432 4280 coniiciuntium
448 4231 510 4294 (hoc
527 4249 559 4285 ex
571 4234 682 4285 Pintiani
699 4235 754 4284 cod.
769 4242 795 4284 at
806 4230 921 4295 chiflet.)
937 4232 1027 4296 pummi
1041 4239 1084 4280 aut
1101 4229 1288 4280 hammoniacum

1067 4311 1084 4345 ἢ
