2918 4794
166 290 225 353 108
659 311 800 352 arronem

199 458 235 522 [4,
252 459 293 522 18]
313 459 364 510 Sed
374 468 438 508 scuto
451 461 506 519 eius,
520 461 544 508 in
556 477 601 522 quo
610 460 756 509 Amazonum
766 459 883 524 praelium
897 459 998 509 caelioit
1011 461 1173 510 intumescente
1185 460 1284 524 ambitu]

164 546 240 595 Voss.
254 545 398 595 rotundius:
411 543 454 592 sed
465 544 489 592 in
501 552 566 593 scuto
578 544 627 592 eius
636 545 782 593 Amazonum
792 543 912 608 praelium
923 544 1024 593 caelavit
1033 545 1094 593 inter
1103 544 1216 593 ambitum
1226 561 1285 608 par·

164 643 224 675 mae.
242 630 331 678 Forte:
350 628 414 676 intra
429 627 549 678 ambitum.
572 629 626 678 Nec
643 644 702 678 vero
720 630 745 676 in
758 631 839 679 Acad.
852 631 955 692 Meuap.
974 637 999 677 et
1012 629 1079 679 Gud.
1092 635 1131 677 est
1142 624 1172 675 τὸ
1187 627 1285 677 intaure-

164 720 247 772 scente,
261 714 305 761 sed
318 721 416 762 tautum
429 711 531 760 caelavit
543 712 640 761 unibitu.

202 794 295 857 [Ibin]
315 795 383 844 Adeo
401 805 515 845 momenta
531 797 611 845 omnia
627 804 749 859 compacta
765 797 826 844 artis
837 795 900 844 illius
909 794 994 858 suere]
1012 797 1074 855 Alii,
1091 803 1209 858 comperta
1227 795 1288 843 artis

165 878 237 942 illius,
250 883 297 941 vel,
310 890 429 945 comperta
440 882 502 929 artis
514 880 556 930 illi.
575 883 658 931 Acad.
668 883 737 931 Meu.
751 891 776 931 et
785 882 852 932 Gud.
865 879 925 929 adea
937 888 1052 929 momenta
1063 879 1137 928 omnis
1148 879 1287 942 artissuere

166 961 209 1012 illi.
227 965 303 1015 Voss.
316 966 395 1014 ornain
407 965 503 1014 catacia
515 964 577 1012 artis
589 964 710 1029 illisuere.
729 966 829 1016 Scribe:
841 964 901 1014 adeo
913 972 1029 1013 uramenta
1041 964 1120 1012 omnia
1131 963 1233 1027 capacia
1245 979 1287 1008 ar-

168 1047 199 1096 tis
209 1048 333 1112 illisuere.

202 1130 238 1193 [4,
252 1133 295 1196 20]
319 1134 396 1192 Quam
414 1135 443 1182 ob
461 1133 487 1183 id
503 1132 597 1196 quidem
611 1132 777 1197 praetulerunt
793 1134 885 1197 optione
902 1130 1011 1196 quorum]
1035 1134 1110 1182 Voss.
1125 1130 1289 1195 praetulerunt

167 1233 263 1279 quorum
275 1217 376 1267 conditio
389 1226 442 1266 erat
454 1216 502 1280 Coi,
517 1220 571 1268 sine
581 1216 620 1281 τῷ
629 1219 727 1280 optione,
738 1221 808 1282 quod
817 1220 995 1268 interieccrunt
1004 1218 1048 1280 qui
1057 1217 1185 1266 nescirent
1194 1213 1224 1263 τὸ
1235 1231 1288 1263 con-

167 1300 226 1350 ditio
235 1318 289 1352 esse
300 1304 326 1351 id
335 1305 418 1367 ipsum
427 1304 470 1352 hic
482 1304 552 1366 quod
564 1302 635 1365 optio.
648 1291 739 1352 Cicero
750 1319 796 1366 pro
805 1303 922 1353 Cluentio
932 1317 986 1364 cap.
995 1298 1101 1362 14[42]:
1112 1298 1222 1350 Sericum
1231 1307 1289 1346 esset

167 1384 225 1434 baec
236 1385 273 1435 illi
280 1387 404 1451 proposita
417 1387 526 1448 conditio,
539 1395 565 1434 ut
576 1395 619 1435 aut
631 1387 690 1435 inste
699 1388 784 1450 pieque
796 1394 928 1446 accusaret,
941 1394 984 1434 aut
995 1386 1079 1434 acerbe
1088 1383 1228 1448 indipneque
1240 1399 1288 1431 mo-

168 1476 266 1529 reretur,
279 1487 399 1532 accusare,
412 1488 503 1535 quoquo
516 1469 583 1520 modo
592 1479 679 1534 posset,
692 1488 762 1534 quum
777 1471 817 1521 illo
829 1470 897 1520 modo
909 1470 983 1519 emori
990 1468 1082 1519 inoluit.
1100 1471 1152 1520 Ubi
1161 1469 1227 1518 forte
1236 1482 1288 1516 me-

168 1553 229 1603 lius:
239 1562 264 1602 ut
272 1564 314 1609 aut
321 1572 408 1619 porum
417 1557 458 1621 pie
467 1564 598 1605 accusaret.
612 1557 725 1606 Iustinus
734 1558 777 1605 lib.
788 1563 798 1604 l
809 1554 844 1617 [6,
852 1553 892 1617 6]:
903 1554 926 1602 si
936 1553 1038 1603 conditio
1046 1560 1201 1618 proponatur,
1213 1551 1290 1600 utrius

168 1637 230 1685 uitae
242 1647 326 1702 sortem
339 1639 425 1705 lupam,
438 1640 540 1689 hesterni
551 1640 639 1689 laboris
652 1656 684 1687 an
695 1639 854 1702 praesentium
867 1638 997 1704 epularum.
1020 1630 1154 1689 Pintianus
1171 1638 1288 1686 observat

168 1723 195 1769 in
207 1737 253 1772 suo
267 1739 369 1787 qnoque
381 1727 469 1776 codice
482 1725 591 1775 defuisse
604 1722 634 1773 τὸ
648 1724 750 1789 optione:
768 1725 871 1787 alioqui,
885 1725 993 1784 subiicit,
1006 1724 1142 1787 legendum
1155 1723 1291 1771 videretur:

169 1807 341 1871 optiaquorum
354 1809 494 1859 cotiditione.
512 1811 586 1860 Nihil
599 1810 689 1860 melius
702 1811 825 1874 scriptura
836 1817 927 1859 vetere.

205 1890 241 1953 [4‚
255 1891 298 1955 22]
325 1895 422 1944 Veneris
439 1893 603 1944 Praxitelicoe
619 1892 746 1956 specimen]
765 1895 889 1945 Academ.
906 1892 1039 1943 Praxitele.
1058 1893 1134 1942 Voss.
1148 1888 1291 1940 Praxitelia.

169 1976 239 2039 Lege
250 1976 410 2040 Praxiteliae,
428 1986 456 2027 ut
468 1989 506 2028 est
517 1980 543 2027 in
557 1979 674 2030 Gudiauo
688 1987 713 2028 et
724 1979 854 2042 Menapia.
877 1977 920 2028 Sic
932 1986 958 2027 et
969 1977 1034 2026 infre
1046 1972 1083 2038 [4,
1096 1973 1155 2036 26]
1175 1975 1251 2023 Venus
1269 1972 1293 2019 in

170 2060 248 2109 eodem
261 2061 310 2110 laco
322 2062 387 2111 nuda
398 2062 570 2112 Praxitelicam
583 2062 650 2112 illum
667 2063 781 2114 Gnidiam
794 2060 940 2111 antecedens.
959 2063 1034 2112 Voss.
1047 2057 1192 2110 Praxitelia.
1210 2059 1292 2107 Acad.

169 2147 237 2194 Men.
251 2146 317 2195 Gud.
329 2146 500 2195 Praxiteliam:
518 2162 606 2198 omnes
622 2149 738 2199 nesciunt
754 2144 784 2195 rb
801 2144 919 2196 Ouidium.
939 2146 1007 2195 Pint.
1021 2147 1102 2193 codex
1113 2139 1254 2200 Praxitelis,
1272 2143 1293 2189 si

170 2239 255 2278 tamen
267 2232 330 2280 bene
342 2246 489 2296 expressum
503 2240 547 2281 est.

206 2312 242 2375 [4,
256 2313 300 2377 23]
318 2313 354 2363 Et
365 2315 445 2367 Sileni
455 2316 479 2364 in
491 2316 574 2365 Asinii
581 2315 699 2366 Pollionis
711 2315 873 2378 monumentis]
893 2316 968 2366 Voss.
987 2316 1011 2363 in
1025 2312 1141 2364 Pollionis
1149 2308 1232 2358 Asinii
1244 2324 1293 2357 mo-

169 2399 292 2448 numentis.
310 2402 346 2450 Ut
358 2409 382 2450 et
394 2418 455 2451 mox
469 2401 504 2464 [4,
519 2399 575 2463 24]:
595 2402 673 2451 Venus
688 2402 712 2449 in
722 2401 838 2450 Pollionis
850 2399 933 2450 Asinii
945 2397 1104 2447 monumentis.
1121 2397 1157 2446 Ut
1168 2397 1212 2444 lib.
1223 2400 1265 2454 ss,
1281 2398 1293 2442 7

172 2480 224 2543 [ln
238 2482 281 2545 59]
294 2483 376 2548 Nepos
392 2482 519 2547 Cornelius,
533 2488 609 2536 Voss.
623 2495 649 2536 et
660 2487 721 2536 alibi
733 2487 829 2534 Priasus
838 2484 934 2544 Liuius,
947 2482 1049 2533 Paullus
1061 2480 1187 2531 Aemilius.

179 2609 182 2614 .
207 2565 243 2629 [4,
256 2566 300 2629 26]
321 2566 455 2632 Olearosque
470 2569 560 2619 Pliorci
574 2578 596 2618 et
609 2569 708 2633 pristes]
733 2571 809 2620 Voss.
828 2571 897 2619 Men.
918 2569 984 2618 Gud.
1002 2568 1085 2617 Acad.
1101 2564 1218 2629 pistrices.
1248 2563 1295 2611 Est

172 2652 238 2699 enim
248 2652 338 2714 pistrix
350 2655 437 2702 eudem
451 2670 515 2716 quae
527 2656 621 2718 pristis.

207 2733 244 2796 [4,
257 2735 301 2797 23]
320 2735 362 2783 Ee
378 2737 460 2798 quibus
476 2752 535 2785 unus
550 2736 662 2785 Liberum
675 2736 775 2786 Patrem
790 2735 860 2799 palla
877 2734 967 2783 velatus
984 2732 1088 2781 humeris
1103 2733 1219 2795 praefert,
1235 2729 1296 2779 alter

172 2817 284 2867 Liberum
304 2818 423 2881 similiter]
447 2821 526 2869 Recte
547 2819 649 2869 humeris
666 2820 789 2870 Gelenius
804 2835 851 2884 pro
871 2818 958 2869 Veneri
974 2824 1018 2867 aut
1035 2817 1135 2866 Veneris
1151 2815 1296 2866 Hermolai:

173 2904 259 2965 itaque
276 2904 344 2952 cadit
359 2910 383 2952 et
400 2905 483 2966 gratia
494 2906 656 2955 correctionis
674 2906 791 2954 ulterius:
808 2903 868 2952 alter
879 2903 993 2951 Liberum
1006 2899 1115 2952 Semeles.
1135 2902 1212 2950 Voss.
1225 2898 1296 2947 Libe-

173 3003 225 3036 ram
237 2986 354 3047 similiter,
371 3005 429 3039 uam
442 2986 472 3038 τὸ
485 2988 594 3038 similiter
605 3006 658 3040 non
676 2991 778 3053 respicit
794 3004 927 3054 personam
941 3002 1006 3052 quae
1018 2987 1106 3041 fertur.
1124 2987 1168 3035 sed
1181 2985 1297 3034 habitum

76 3134 82 3140 ἡ
173 3072 283 3123 ferentis.
302 3073 389 3124 Livius
402 3072 456 3136 [30,
467 3073 524 3136 33];
537 3091 566 3123 es
578 3072 676 3139 arpenta
689 3073 830 3123 mulctaticio
844 3073 892 3121 tria
902 3071 973 3136 sique
985 3086 1059 3119 aenea
1074 3068 1155 3117 Cereri
1166 3067 1298 3129 Liberoque

174 3165 196 3204 et
206 3157 309 3205 Liberae
318 3167 453 3221 posuerunt.

209 3240 245 3304 [4,
258 3241 302 3302 30]
320 3242 432 3292 Mausolo
448 3239 534 3292 Oariae
551 3243 638 3307 requio,
657 3245 699 3307 qui
713 3245 769 3294 obiit
784 3241 933 3308 Olympiades
950 3240 1088 3290 centesimae
1104 3254 1166 3287 anno
1183 3232 1296 3296 secundo]

174 3328 251 3376 Voss.
272 3325 422 3390 Olympiadis
441 3326 507 3377 CUI.
526 3306 713 3390 anno⁰secunda
740 3331 773 3377 Et
791 3330 826 3378 sic
848 3343 946 3378 rursum
964 3340 1018 3388 cap.
1036 3330 1050 3374 6
1071 3321 1111 3384 [6,
1128 3319 1172 3382 47]
1194 3320 1221 3368 Is
1242 3319 1299 3368 obiit

178 3409 326 3476 Olympiadis
342 3410 362 3461 0
367 3410 409 3461 VI.
422 3428 484 3461 anno
496 3410 597 3461 secundo
608 3414 684 3462 Voss.
697 3413 834 3461 centesimae
843 3419 923 3459 sertae
932 3426 994 3458 anno
1005 3406 1104 3456 secundo
1115 3408 1218 3469 Meuap.
1232 3405 1298 3455 Gud.

174 3496 351 3545 Academicus.
369 3497 400 3546 In
413 3496 572 3561 Olympiadis
585 3513 690 3547 numero
708 3498 832 3547 consentit
844 3497 974 3544 Diodorus
988 3494 1097 3552 Siculus,
1120 3493 1164 3541 sed
1181 3491 1206 3538 in
1224 3504 1298 3551 quer·

175 3581 229 3630 tum
254 3581 307 3630 eius
331 3595 435 3640 annum,
462 3584 580 3632 consules
605 3582 642 3630 M.
658 3583 767 3632 Fabium
785 3581 940 3631 Ambustum
961 3580 997 3627 M.
1010 3578 1137 3649 Popilium
1149 3575 1298 3629 Laenatem,

176 3666 207 3715 U.
221 3665 250 3715 C.
263 3669 329 3723 397,
343 3675 449 3715 mortem
461 3666 537 3716 refert
548 3667 669 3727 Mausoli,
679 3666 723 3715 lib.
739 3672 768 3716 16
782 3664 848 3727 [36].

210 3747 297 3811 [Ibid]
319 3749 429 3815 Oinpitur
445 3748 557 3798 columnis
574 3751 673 3815 tripinta
688 3766 736 3799 sec.
755 3749 795 3798 Ab
816 3749 923 3811 Oriente]
943 3749 1078 3799 Turnebus
1095 3745 1161 3794 Adr.
1177 3746 1215 3800 17,
1228 3747 1252 3789 4.
1265 3754 1298 3788 ex

177 3835 238 3883 Mss.
251 3837 358 3898 protulit
370 3836 479 3885 auctius:
495 3831 603 3897 Oinpitur
613 3833 725 3883 columnis
736 3834 829 3884 XXX
834 3832 876 3882 VI.
888 3841 972 3895 pteron
984 3846 1107 3880 vocavere:
1120 3829 1196 3891 idque
1209 3826 1300 3875 confir·

177 3919 256 3966 mavit
266 3921 428 3981 sequentibus
441 3919 534 3968 verbis:
551 3917 663 3980 Namque
678 3934 754 3981 supra
767 3925 851 3981 pteron
866 3915 982 3982 pyramis.
1000 3915 1143 3966 Vossianus
1161 3913 1238 3961 etiam
1250 3911 1299 3959 isto

178 4002 338 4064 locupletior:
355 4001 463 4068 Oinpitur
474 4002 587 4052 columnis
600 4002 698 4066 tripiuta
709 4018 758 4051 ses.
776 4002 866 4051 Pteron
879 4016 990 4050 uocauere
1002 3997 1132 4047 circuitum.
1151 3996 1191 4045 Ab
1206 3993 1301 4045 Oriente

181 4084 282 4134 caelavit
294 4088 394 4151 Scopas.
412 4090 481 4138 Infra
494 4102 549 4152 cup.
565 4094 595 4136 13
615 4086 667 4148 [19,
687 4086 744 4147 88]:
766 4085 873 4149 aliaeque
889 4101 970 4134 rursus
986 4091 1054 4131 entra
1066 4097 1156 4130 murum
1173 4075 1304 4143 labyrinthi

181 4164 338 4229 oodpio'ornm
350 4172 434 4222 moles:
444 4180 526 4236 pteron
539 4169 669 4235 appellant.
687 4171 818 4221 Vitruvius
827 4178 936 4235 pleroma
949 4169 991 4218 lib.
1005 4175 1029 4228 3,
1043 4173 1066 4216 3.
1080 4175 1105 4217 et
1118 4175 1140 4229 4,
1156 4171 1178 4215 7.
