2918 4794
1239 264 1286 305 vn

167 415 281 490 libros
309 414 408 488 Plini
434 409 594 488 Securidi
620 414 735 504 notis,
768 436 862 509 quae
888 414 927 484 in
953 436 1029 486 una
1056 411 1177 485 Horti
1211 413 1285 486 edi·

166 567 268 640 tione
294 567 383 638 anni
403 567 510 638 1669.
529 563 612 638 Vol.
631 563 685 636 III
709 589 731 636 a
753 589 788 662 p.
809 565 1009 637 tal-860
1035 565 1282 662 reperiuntur,

168 716 290 791 denuo
316 714 582 805 exscribendis,
608 715 759 787 illorum
784 715 856 788 hoc
882 738 952 812 ego
978 715 1154 790 libentius
1181 716 1285 790 obse-

166 877 275 942 cutus
301 885 385 941 sum
411 866 632 957 auctoritati,
660 891 734 962 quo
759 866 883 945 minus
909 865 980 939 hoc
1008 878 1156 940 sextum
1181 868 1285 941 volu-

165 1042 267 1111 men,
305 1042 379 1115 quo
411 1016 574 1091 Pliniani
608 1018 731 1114 operis
764 1016 991 1091 amatoribus
1023 1019 1287 1116 palimpsestus

166 1168 395 1243 Veronensis
422 1166 586 1255 offertur,
612 1167 751 1240 iustum
772 1167 943 1264 impleret
968 1166 1130 1241 modum.
1158 1166 1288 1266 Itaque

166 1346 189 1393 a
215 1318 324 1392 docto
350 1319 443 1409 viro,
477 1342 550 1414 quo
575 1317 805 1391 familiariter
830 1328 930 1408 utor,
957 1318 1084 1414 petivi,
1111 1329 1153 1391 ut
1179 1344 1288 1393 omne

165 1469 237 1543 hoo
262 1470 453 1567 negotium
479 1471 518 1541 in
546 1493 585 1541 se
612 1469 824 1565 susciperet.
852 1466 889 1541 Is
916 1494 1001 1543 oum
1023 1471 1172 1576 roganti
1197 1453 1289 1543 mihi

166 1646 242 1695 non
269 1621 424 1712 deesset,
456 1642 607 1718 operam
634 1618 746 1708 dedit,
772 1630 815 1691 ut
841 1643 953 1716 quam
978 1600 1140 1694 marimo
1166 1646 1287 1696 emen·

167 1772 274 1846 datae
301 1784 338 1845 et
364 1772 412 1845 ad
428 1773 610 1844 lectorum
628 1794 738 1842 usum
756 1770 1053 1844 accommodatae
1071 1773 1157 1845 illae
1174 1784 1285 1847 notae

165 1922 366 2021 prodirent.
394 1919 503 2010 Quod
521 1933 564 1996 ut
587 1923 759 2011 efficeret,
786 1924 947 2018 primum
965 1945 1113 1996 omnem
1132 1925 1287 2024 diligen·

166 2075 257 2148 tiam
275 2074 454 2164 adhibuit,
481 2084 523 2146 ut
544 2071 681 2145 menda
697 2073 979 2172 typographica,
1004 2074 1142 2195 quibus
1168 2076 1286 2172 inqui·

167 2237 256 2298 nata
292 2236 349 2297 est
380 2214 573 2296 Hackiana
605 2222 729 2310 editio,
766 2222 895 2295 sedulo
926 2224 1155 2298 tollerentur.
1192 2226 1288 2300 Tum

166 2385 334 2447 veterum
367 2374 600 2470 scriptorum,
632 2373 749 2470 ipsius
781 2373 1016 2468 potissimum
1043 2372 1144 2446 Plini·
1173 2376 1286 2467 locoS,

167 2530 230 2624 qui
255 2552 324 2625 pro
350 2527 449 2603 illius
478 2549 551 2621 qua
572 2520 784 2598 Gronovius
811 2525 960 2622 scripsit
985 2528 1117 2601 aetatis
1143 2529 1287 2601 ratione

166 2681 288 2752 minus
315 2689 485 2751 accurate
503 2677 639 2774 prolati
657 2687 773 2765 erant,
800 2677 852 2748 ita
870 2678 1025 2766 notavit,
1052 2690 1095 2751 ut
1113 2680 1287 2754 facillime

167 2830 214 2903 ab
241 2831 499 2904 evolventibus
524 2829 679 2926 reperiri
703 2840 867 2925 possent.
903 2826 1009 2919 Tum,
1036 2853 1083 2902 ne
1111 2831 1201 2926 quid
1227 2829 1287 2903 de·

167 2980 390 3054 sideraretur
417 2981 464 3054 ab
490 2982 547 3070 iis,
575 2979 709 3075 quibus
728 2978 922 3051 Hackiana
948 2979 1060 3052 editio
1087 3005 1163 3053 non
1191 2994 1289 3055 esset

167 3130 215 3202 ad
241 3153 384 3218 manus,
416 3130 527 3200 huius
559 3127 732 3201 editionis
762 3130 920 3226 paginas
946 3131 985 3202 in
1012 3142 1161 3204 nostrae
1194 3157 1288 3205 mar·

168 3282 252 3379 gine
288 3280 466 3377 ascripsit.
508 3279 704 3355 Praeterea
742 3305 836 3377 quae
878 3305 961 3354 oum
1001 3308 1137 3381 magno
1177 3286 1288 3359 lecto·

165 3458 248 3504 rum
264 3430 501 3506 incommodo
520 3428 685 3508 Gronovi
711 3433 810 3505 notis
831 3431 1029 3505 [merenda
1047 3435 1174 3510 addita
1202 3448 1290 3509 sunt

167 3581 217 3680 (p.
247 3586 318 3655 145
347 3607 421 3679 seq.
450 3583 505 3655 ed.
533 3582 681 3680 Haok.),
718 3608 761 3657 ea
788 3609 856 3658 suo
883 3585 1057 3682 quodque
1083 3588 1166 3660 loco
1193 3589 1288 3659 inse-

165 3735 253 3823 ruit;
281 3735 370 3806 item
392 3733 635 3824 Macelloaco,
663 3738 700 3808 in
729 3738 863 3833 quibus
891 3736 992 3809 haud
1019 3739 1128 3834 pauci
1155 3764 1177 3809 a
1196 3734 1287 3812 Gro-

167 3887 278 3957 novio
315 3886 405 3957 scite
440 3882 646 3959 tractarltur
673 3886 832 3959 Pliniani
870 3890 941 3961 loci
974 3886 1028 3981 (in
1056 3888 1140 3961 edit.
1169 3887 1285 3964 Hack.

165 4061 199 4131 p.
228 4036 458 4132 illiti-853),
485 4062 532 4110 ex
565 4039 692 4112 ordine
723 4041 890 4112 locorum
922 4039 1085 4137 digessit.
1122 4040 1288 4114 Tandem

165 4184 203 4257 in
230 4210 355 4260 rerum
382 4190 653 4288 verborumque
680 4217 702 4263 a
729 4187 920 4268 Gronovio
947 4194 1218 4292 explicatorum
1234 4193 1287 4264 in·
