2918 4794
528 279 692 324 nonsnsn
707 278 790 321 nmis.
805 277 923 319 xxmn.
1245 253 1284 318 51

165 435 234 488 Men.
247 434 275 485 ob
287 431 314 485 id
324 449 341 482 a
352 447 377 484 ss
388 429 495 496 clepatis.
511 431 600 482 Forte:
618 428 697 480 missis
708 429 736 480 ab
748 426 775 477 id
785 426 820 477 ad
829 443 855 476 se
866 425 960 491 lsqstiu
978 425 1099 489 Sequitur
1116 427 1183 476 enim
1201 425 1287 478 stetim

167 518 296 572 Hetruriae
307 515 470 568 celeberrimus
481 523 554 566 uates.
573 515 640 565 Eum
652 515 756 578 respicit
766 527 914 578 pronomen.

201 600 295 665 [4,16]
313 599 459 664 simpliorem
476 598 550 649 lacsnn
566 595 633 662 apud
648 597 770 648 Romam
785 593 910 660 cultumve]
928 595 983 647 Nec
999 590 1030 647 τὸ
1049 593 1132 655 locum
1148 607 1197 643 nec
1212 589 1243 642 τὸ
1261 609 1288 643 uc

167 687 252 736 locum
269 687 366 736 habent
381 685 407 732 in
419 683 557 743 vossiano,
574 685 619 733 sed
634 690 744 732 tentum:
759 681 910 745 promittique
926 678 965 730 illi
979 676 1075 728 eundem
1092 685 1134 726 aut
1150 674 1287 740 anptnrcn

167 767 234 832 apud
244 769 366 821 &manos
377 767 470 819 mltum
487 765 523 816 Et
533 763 607 816 durat
618 767 642 815 in
652 766 789 830 pontificum
802 763 930 828 disciplina
942 757 969 813 id
979 779 1079 812 sacrum.
1171 816 1173 821 ,

202 852 238 916 [4,
255 851 299 921 20]
317 852 354 905 Et
368 868 429 916 quae
444 849 550 903 ridicula
565 848 643 899 uideri
659 851 721 915 capit
735 848 841 911 animus]
864 850 1018 900 Vossianus:
1034 857 1057 897 et
1073 862 1135 911 quas
1152 843 1289 895 inridicula.

167 941 225 991 Non
241 947 334 990 temere
351 946 397 993 est
424 937 531 987 Plantas
543 934 638 986 Casius
656 941 683 996 6,
701 941 716 984 u
734 931 783 996 [vs.
798 932 837 996 ⁷]=
852 932 894 983 Ita
910 948 970 982 nunc
983 932 1074 996 pudeo,
1090 938 1163 994 atque
1178 929 1215 979 ita
1230 945 1291 979 nuuc

164 1039 249 1086 pauco,
265 1030 336 1084 atque
352 1021 388 1070 ita
403 1036 463 1069 nunc
478 1017 607 1069 inridicula
623 1035 703 1068 sumus
717 1019 794 1067 ambo.
817 1017 934 1068 Poenulo
948 1023 972 1080 ts,
991 1024 1007 1067 4
1024 1013 1143 1078 [rs.16]=
1160 1012 1245 1076 Neque
1260 1014 1291 1063 ot

168 1108 283 1158 iuuentute
295 1105 329 1155 ibi
339 1101 460 1155 iuridiculo
471 1101 573 1153 liabitas.
592 1103 815 1165 Quemadmodum
827 1100 929 1150 irridere
941 1111 979 1152 est
996 1102 1085 1154 ridere.
1101 1101 1138 1149 its
1153 1095 1292 1147 irridiculus

168 1201 206 1240 est
219 1189 347 1240 ridiculus.
1301 1186 1304 1193 '

170 1299 172 1302 v
204 1271 240 1334 [4,
253 1271 298 1334 21]
319 1268 378 1320 Cato
392 1268 501 1335 prodidit
517 1269 606 1321 luanus
621 1269 730 1321 membris
746 1287 840 1319 carmen
855 1266 988 1331 auriliaci]
1011 1269 1086 1319 Voss.
1104 1277 1132 1317 ιι
1148 1274 1174 1316 et
1190 1266 1291 1317 chinon.

68 1429 71 1432 Ι
168 1354 295 1404 auxiliare.
314 1355 424 1418 Optime.
444 1355 550 1406 Ovidius
562 1356 604 1405 lib.
619 1360 641 1405 7.
659 1351 910 1417 metsm.[rs.188]=

371 1437 439 1489 Neue
447 1455 534 1502 parum
546 1437 644 1489 vomant
653 1455 671 1489 a
681 1455 707 1487 se
718 1437 778 1487 data
788 1439 908 1503 premina,
922 1453 1016 1486 carmen

371 1520 500 1573 Auxiliare
511 1521 583 1573 canit.

205 1602 241 1666 [5‚
254 1602 298 1666 22]
317 1604 386 1654 Licet
401 1604 463 1655 lanc
479 1605 503 1656 in
516 1613 611 1669 partem
622 1605 766 1671 sispalorum
778 1622 871 1670 quoque
882 1605 1048 1656 cemcientiam
1059 1602 1199 1669 coarpusre]
1218 1605 1294 1654 Voss.

170 1704 280 1753 qnoque,
292 1698 321 1737 ιιι
329 1689 439 1750 chiflet,
451 1687 523 1738 Libet
534 1687 596 1738 lanc
603 1697 707 1753 partem,
719 1692 838 1752 neglecte
849 1699 876 1738 et
886 1691 1087 1754 praepositione:
1099 1692 1144 1740 sed
1152 1688 1295 1740 Vossianus
1309 1689 1358 1737 799

170 1772 273 1835 iusuper
285 1771 433 1823 conscientia.
451 1773 569 1835 Egregie.
586 1771 666 1834 Lien,
682 1774 773 1835 inquit,
788 1771 850 1821 lanc
864 1781 958 1836 partem
975 1771 1120 1836 sinpulorum
1136 1787 1228 1834 quoque
1240 1787 1295 1819 con-

169 1852 267 1904 scicntisi
282 1871 415 1918 coarpuere.
438 1857 472 1906 Et
489 1871 553 1918 quse
570 1865 720 1920 sequuntur,
737 1864 805 1917 eunt,
821 1871 886 1920 quse
904 1857 999 1919 singuli
1015 1870 1042 1905 se
1060 1854 1143 1904 iecere
1160 1855 1207 1902 sibi
1224 1862 1295 1903 erant

171 1953 272 1988 consen.

205 2020 241 2084 [5‚
254 2021 298 2085 ιιι]
320 2021 368 2073 Gru
383 2023 573 2073 stemutamsntis
587 2021 749 2084 salutamurt]
768 2026 838 2074 Men.
854 2025 938 2074 Acsd.
956 2033 982 2074 et
994 2023 1060 2074 Gud.
1078 2020 1217 2071 salutamus.
1240 2021 1296 2071 An-

170 2107 226 2169 deg.
239 2122 280 2155 cur
291 2106 425 2156 smrrsamtis
435 2105 575 2157 salutamus.
592 2107 634 2156 Ex
644 2107 744 2158 chiflsc.
757 2107 878 2158 efferunts
891 2105 943 2156 alia
953 2104 1145 2155 sternutamentis
1156 2103 1295 2154 salutamus.

170 2191 325 2254 Praecipuus
343 2200 429 2241 noster
446 2207 524 2242 manu
540 2190 634 2255 primes
655 2189 708 2240 alia
727 2191 868 2241 manicantes
888 2189 1027 2239 salutamus.
1054 2191 1185 2240 Posterior
1205 2203 1296 2239 munus

170 2275 274 2327 inducto
295 2271 335 2339 τῷ
353 2273 406 2325 alia
425 2275 587 2338 superposuit
601 2290 652 2335 cur,
673 2282 727 2327 tum
744 2275 844 2324 literam
861 2274 896 2324 M
907 2275 965 2322 soei
982 2275 1104 2336 sequenti,
1125 2275 1198 2337 quusi
1217 2273 1296 2323 inter-

170 2359 304 2410 iiciendum
321 2359 386 2409 inter
401 2356 428 2406 U
440 2367 466 2407 et
481 2356 519 2419 Ε,
536 2367 565 2409 ιιι
580 2359 652 2408 fieret
667 2356 838 2408 sternumentis.
867 2357 918 2408 Sed
934 2372 994 2406 vers
1009 2357 1086 2407 lectio
1109 2366 1157 2407 eet:
1178 2373 1220 2408 cur
1236 2364 1296 2406 ster-

171 2451 265 2494 nuentes
279 2441 429 2513 salutamus?
445 2441 562 2493 Catullus
575 2440 628 2503 [46,
644 2440 700 2504 le]:
716 2442 836 2492 Dauom
852 2440 952 2491 sternuit
968 2441 1166 2504 approbationem
1190 2440 1295 2491 Ovidius

172 2523 288 2588 [Hernici.
303 2533 343 2589 le,
358 2525 430 2589 151]=
443 2525 552 2578 Sternuit
562 2534 585 2575 st
596 2525 680 2576 lumen.

175 2649 181 2659 .
206 2609 243 2673 [5,
255 2609 300 2673 28]
318 2610 397 2675 Atque
408 2629 425 2661 a
436 2610 510 2677 dipito
521 2609 597 2662 indice
608 2610 731 2661 multorum
740 2613 856 2675 moeniae
867 2609 1002 2676 relipiasuus
1017 2607 1064 2672 est]
1076 2610 1294 2675 Praepositionem

164 2696 289 2769 morunt
300 2697 363 2748 Mes.
380 2698 424 2747 An
436 2704 508 2760 atque
519 2694 594 2761 dipito
605 2694 682 2745 indice
693 2695 782 2745 moveri
790 2696 915 2761 pecuniam
926 2694 1061 2760 relipiosum
1073 2697 1125 2745 esti

206 2780 269 2831 Car.
283 2781 332 2830 111.
346 2778 383 2843 [6,
395 2778 441 2843 66]
459 2779 489 2830 In
501 2779 589 2831 dolum
599 2781 740 2846 serpentium
752 2779 880 2843 emicuisse]
898 2782 977 2832 Voss.
989 2780 1015 2829 in
1027 2778 1132 2829 nidulum
1143 2779 1295 2843 serpentium.

173 2865 286 2926 Quidum
298 2881 331 2912 m.
343 2880 368 2927 p.
381 2864 407 2912 in
418 2863 506 2915 dolum.
1133 2914 1138 2936 ἢ

207 2949 272 2999 Gne.
284 2947 330 2997 IV.
345 2945 381 3009 [6,
394 2945 439 3009 36]
457 2946 612 3011 Pythaporae
628 2947 728 2996 iuuentis
745 2964 790 2995 uon
809 2955 892 2995 temere
901 2945 1007 3010 fallere]
1029 2949 1185 3009 Vossianus,
1201 2947 1228 2996 E
1243 2948 1295 3014 Py.

75 3027 79 3041 ¹
172 3032 287 3096 tlaporae
298 3030 396 3080 inventus
407 3046 452 3079 non
465 3039 547 3079 temere
556 3029 657 3094 fallere.
674 3030 765 3093 Neque
776 3031 850 3081 aliter
861 3033 944 3083 codex
953 3032 1105 3097 llerdiusndi
1116 3032 1201 3082 Nonii.
1218 3035 1295 3084 Ponit

172 3120 238 3167 idem
259 3116 484 3175 considerandum,
510 3128 542 3163 su
563 3115 596 3164 sit
615 3122 749 3178 peccatum
768 3115 795 3163 in
816 3115 879 3164 serie
900 3129 930 3164 ec
956 3115 1123 3177 dispositione
1148 3117 1294 3176 verborum3

172 3210 295 3264 qusniam
311 3201 378 3249 enim
394 3205 543 3262 assequetur
558 3200 712 3261 coniectura,
729 3199 804 3249 scribi
822 3198 915 3248 debere
930 3199 980 3247 hoe
997 3205 1083 3262 pactos
1099 3197 1126 3246 Ε
1139 3199 1295 3264 Pptlsaporae

172 3285 278 3346 invenus,
291 3301 335 3333 non
348 3277 436 3333 temere*
439 3280 532 3347 fallere
547 3283 729 3347 inpositivorum
741 3283 858 3332 nominum
870 3281 1013 3333 clauditates
1025 3282 1170 3332 oculorumve
1182 3284 1295 3335 oriitatcs

91 3422 94 3428 .
173 3386 202 3417 ac
212 3368 299 3418 similes
310 3385 386 3428 casus,
403 3368 515 3431 imparem
527 3366 643 3417 vocalium
655 3384 774 3418 numerum
786 3366 883 3429 deutris,
900 3376 947 3419 ete.
967 3369 1035 3430 Quid
1047 3370 1093 3420 sibi
1105 3370 1174 3431 velit,
1191 3370 1294 3433 ignoro:

173 3456 235 3505 nihil
251 3465 333 3504 sutem
352 3455 379 3503 in
391 3454 475 3504 Plinio
492 3454 669 3503 traiciendum
687 3467 743 3507 esse
759 3454 820 3504 estis
835 3462 968 3518 acceptum
982 3455 1072 3504 hshco.
1096 3449 1203 3505 initium
1218 3456 1294 3507 huius

173 3539 261 3601 capitis
277 3539 403 3601 pendete
417 3539 467 3586 fine
484 3539 670 3601 praecedentis,
688 3539 782 3601 quippe
798 3554 855 3588 cum
872 3539 963 3588 harum
980 3540 1120 3588 sectionum
1137 3547 1227 3590 auctor
1242 3542 1295 3604 ipse

173 3636 224 3670 non
240 3621 325 3672 tuens.
347 3621 479 3684 Intelliges
496 3621 573 3684 igitur
589 3623 656 3683 inde,
673 3621 717 3684 qui
729 3622 789 3671 sciat
804 3623 869 3673 illud
885 3636 919 3671 ex
936 3623 1045 3672 inventis
1062 3623 1226 3687 Pythagoras
1243 3639 1294 3674 non

173 3714 267 3755 temere
279 3707 376 3756 fellere.
395 3705 472 3766 Quod
488 3705 570 3755 inunt
588 3706 687 3769 Nempe
703 3716 778 3769 prout
789 3707 959 3770 impositivum
973 3708 1095 3770 cuiusque
1111 3722 1206 3757 nomen
1219 3722 1294 3762 voce·

172 3789 239 3838 libus
251 3799 350 3839 constet
360 3791 462 3853 peribus
473 3790 650 3853 imparibusve,
667 3790 687 3839 si
704 3791 745 3841 cui
760 3791 864 3851 eveniet,
881 3798 911 3840 nt
922 3789 1029 3840 claudus
1044 3792 1089 3841 fiat
1104 3799 1149 3840 sut
1165 3792 1255 3852 cocles,
1272 3793 1294 3842 si

173 3873 271 3922 nomini
287 3874 341 3924 eius
356 3875 502 3937 impositivo
519 3875 570 3923 sint
585 3875 696 3938 imperes
711 3874 821 3934 vocales,
839 3875 929 3924 dextro
940 3877 1011 3939 ‚pede
1027 3875 1144 3926 claudum
1161 3886 1206 3926 eut
1217 3879 1294 3928 oculo

173 3959 263 4006 dextro
275 3967 376 4021 captum
389 3958 458 4020 iore;
471 3959 491 4009 si
502 3974 583 4023 peres,
594 3959 680 4008 laevis
702 3957 798 4008 Oculivc
809 3958 908 4009 chiese
921 3968 947 4008 et
960 3960 1045 4022 Voss,
1056 3975 1109 4012 non
1121 3959 1276 4012 oculorumve.

208 4037 244 4101 [6,
257 4037 301 4105 64]
319 4039 393 4091 Elide
407 4041 498 4092 saleim
512 4041 604 4092 ostendi
617 4041 715 4106 Pelopis
730 4041 807 4106 costa]
830 4043 907 4094 Voss.
925 4041 1024 4108 Pelopis
1040 4043 1153 4095 ostiliani.
1176 4045 1294 4106 Qustuor

173 4124 217 4174 alii
229 4123 310 4173 osnlia
320 4127 361 4175 sel
372 4124 473 4178 hostilia.
491 4127 573 4191 Lege:
584 4125 683 4192 Pelopis
693 4125 800 4191 scapula.
819 4128 955 4189 Humerus,
969 4124 1121 4196 ὠμοπλάτη.

1072 4213 1089 4246 R
