2918 4794
239 236 298 275 VIII
675 230 921 274 monacorum.

236 381 415 445 nominatur
437 391 469 446 et
489 379 576 445 haud
590 379 702 466 procul
722 402 742 443 a
757 377 926 466 Brigantia
940 377 1001 442 sita
1016 386 1073 443 est.
1095 376 1150 442 Ex
1164 399 1228 444 uno
1242 377 1356 444 horum

237 489 453 577 Augiensium
473 489 583 556 codice
606 491 667 553 249
680 488 753 574 (37)
776 497 902 552 constat
923 510 1035 553 omnes
1056 486 1155 553 libros
1171 487 1357 574 Augienses

236 623 320 666 anno
333 602 415 666 1457
429 621 514 665 novo
529 611 561 664 et
579 597 649 684 pari
664 608 850 684 tegumento
866 596 943 664 corii
958 597 1023 663 albi
1037 597 1155 684 ligatos
1170 619 1240 663 esso
1258 598 1357 684 (conf.

239 710 395 797 Aaeeiper
422 734 481 775 zue·
510 709 628 773 Kande
656 709 808 773 teutschen·
838 707 978 785 Voreee’t,
1009 708 1060 773 cd.
1082 708 1194 773 Meae.
1224 706 1264 772 Τ.
1292 706 1357 772 [Π.

237 843 269 906 p.
287 819 358 883 137.
382 819 492 904 1834).
519 817 736 899 Quamobrem
757 818 843 883 hunc
865 817 1007 883 codicem
1029 816 1316 902 Hieronymianum
1339 838 1359 880 a

238 928 430 994 monasterio
456 926 616 1014 Augiensi
646 925 680 992 S.
708 926 869 992 Blasianis
898 926 1077 1007 monachis,
1107 928 1267 993 nescimus
1295 948 1359 1011 quo

239 1050 393 1125 tempore,
417 1050 502 1105 certe
523 1047 597 1104 ante
618 1060 737 1102 annum
754 1040 845 1116 1791,
867 1037 1110 1116 commodatum,
1132 1060 1238 1122 neque
1252 1036 1294 1102 ab
1308 1036 1360 1102 his

238 1149 401 1214 redditum
423 1169 494 1214 esse
518 1148 730 1232 suspicamur.

280 1254 438 1342 Superest
459 1258 544 1321 enim
564 1257 598 1320 in
620 1257 675 1322 illa
696 1256 888 1323 bibliotheca
910 1255 1126 1323 Carlsruhana
1143 1255 1359 1342 Augiensium

241 1366 387 1432 codicum
414 1367 580 1453 catalogus
608 1389 693 1431 anno
722 1369 803 1431 1791
832 1368 1011 1445 confectus,
1046 1367 1101 1451 qui
1133 1366 1276 1432 codicem
1301 1388 1361 1430 no·

241 1487 343 1542 strum
368 1499 433 1541 non
459 1474 606 1553 exhibet,
639 1475 726 1541 unde
752 1487 886 1562 apparet
911 1499 984 1541 eum
1008 1476 1073 1540 iam
1094 1488 1168 1541 ante
1189 1475 1277 1540 illum
1302 1498 1361 1539 an·

239 1608 318 1650 num
339 1585 468 1673 Augias
490 1607 553 1649 non
576 1585 713 1670 amplius
735 1585 908 1653 exstitisse.
942 1584 1008 1650 Sed
1028 1586 1125 1651 huius
1145 1585 1219 1652 libri
1246 1607 1361 1650 manu·

242 1695 353 1782 scripti
374 1697 439 1760 iam
464 1717 547 1759 anno
570 1697 632 1760 822
659 1695 850 1760 mentionem
868 1695 986 1761 factam
1003 1718 1073 1762 esse
1099 1695 1270 1761 verisimile
1294 1705 1360 1772 est;

241 1829 315 1870 nam
336 1805 371 1869 in
392 1804 537 1891 catalogo
565 1804 721 1870 librorum
741 1806 924 1871 monasterii
947 1804 1263 1873 Sintleozes-Auvae
1284 1827 1363 1871 con·

243 1915 364 2002 scripto
380 1937 464 1980 anno
478 1914 565 1981 VIII
585 1916 713 2000 imperii
735 1939 754 1981 a
774 1915 943 1982 liudovico
965 1918 1105 2003 suscepti
1126 1916 1209 1982 liber
1231 1915 1363 2001 quidam

242 2024 292 2090 his
308 2023 416 2092 verbis
429 2023 606 2091 indicatur:
631 2029 688 2104 ‚ab
704 2027 931 2092 ecclesiasticen
947 2031 1199 2105 commentarius,
1215 2028 1295 2092 liber
1305 2026 1364 2089 Ι.”

242 2135 342 2218 (conf.
357 2133 513 2220 Neapact.
535 2134 611 2200 hist.
628 2135 726 2222 episc.
744 2133 913 2201 Constant.
928 2135 956 2200 I.
971 2160 1003 2224 p.
1020 2138 1106 2218 537).
1135 2134 1220 2202 Cum
1241 2137 1270 2202 is
1292 2136 1363 2222 ipsc

241 2242 283 2309 de
304 2265 369 2328 quo
389 2242 516 2330 agimus
531 2245 635 2310 codex
656 2245 742 2312 hunc
762 2247 1023 2313 commentarium
1041 2247 1200 2326 exhibeat,
1222 2268 1287 2313 non
1302 2246 1363 2311 du·

241 2351 331 2418 bium
345 2354 484 2434 videtin,
506 2356 585 2442 quin
604 2357 691 2422 idem
712 2357 899 2446 designatus
923 2358 972 2426 sit,
996 2355 1065 2423 Sed
1078 2357 1142 2423 iam
1156 2358 1243 2423 unde
1257 2357 1291 2422 in
1305 2357 1364 2421 has

241 2485 313 2529 oras
330 2463 505 2531 translatus
521 2466 572 2544 sit,
594 2468 769 2533 videamus.
795 2467 866 2532 Iam
888 2491 986 2553 supra
1008 2467 1149 2531 diximus
1172 2467 1365 2550 scripturam
1396 2501 1406 2515 ι

240 2573 505 2659 langobardicam
532 2597 613 2640 esse.
649 2575 762 2659 Itaque
789 2577 944 2640 coniicere
971 2575 1047 2639 licet
1071 2573 1191 2638 librum
1216 2573 1303 2636 hunc
1325 2594 1366 2638 ex

240 2681 336 2752 Italia
359 2682 516 2768 superiori
537 2682 681 2772 Augiam
703 2685 845 2761 allatum,
867 2681 1138 2767 quandoquidem,
1160 2692 1196 2748 ut
1217 2680 1288 2766 ipse
1311 2703 1364 2747 ca-

242 2791 370 2878 talogus
396 2792 451 2857 illo
480 2793 720 2877 antiquissimus
749 2802 893 2869 testatur,
922 2790 957 2855 in
985 2791 1176 2883 monasterio
1204 2790 1366 2877 Augiensi

244 2901 384 2988 scriptus
404 2913 542 2974 nonest
565 2902 738 2989 (Neupart
759 2902 781 2967 l.
805 2901 836 2966 d.
858 2924 891 2987 p.
915 2899 1004 2986 545).

287 3009 395 3093 Quam
423 3012 614 3078 sententiam
641 3011 782 3076 maxime
813 3008 1005 3075 'confirmant
1037 3033 1120 3096 quae
1147 3011 1188 3078 de
1216 3012 1366 3102 Eginonc

205 3173 208 3177 -
242 3122 422 3188 Veronensi
450 3124 600 3210 episcopo
627 3131 808 3186 narrantur.
840 3120 905 3187 Hic
932 3121 1016 3186 enim
1045 3144 1087 3188 ex
1108 3121 1365 3188 Alamannorum

244 3244 339 3319 gente
362 3245 462 3311 ortus,
486 3235 527 3298 ad
550 3230 768 3297 monachicam
782 3231 879 3298 vitam
894 3255 1054 3310 reversus,
1077 3232 1219 3319 Augiam
1235 3255 1270 3298 se
1288 3255 1365 3298 con-

245 3342 327 3420 tulit,
350 3342 501 3407 abbatem
521 3351 681 3428 precatus,
704 3342 792 3406 utin
815 3343 927 3406 eadem
950 3342 1055 3406 insula
1077 3343 1242 3407 habitandi
1262 3344 1365 3408 facul-

246 3463 344 3517 tatem
377 3452 438 3518 sibi
471 3452 675 3530 ooncederet3
709 3474 774 3535 qua
804 3452 975 3538 impetrata
1005 3451 1149 3517 cellulam
1178 3454 1366 3530 construxit,

244 3586 340 3648 quam
361 3572 393 3628 et
413 3563 609 3627 ornamentis
630 3571 662 3627 et
680 3561 771 3627 libris
793 3561 1019 3627 ecclesiasticis
1033 3560 1242 3647 locupletavit
1265 3563 1367 3648 (conf.

243 3673 348 3738 Perta.
361 3695 502 3737 monum.
514 3671 590 3736 hist.
603 3694 702 3758 germ.
714 3672 753 3736 Τ.
762 3671 813 3737 Vl
815 3721 823 3736 .
835 3673 937 3759 p.450
948 3683 980 3736 et
992 3671 1300 3760 Qaelleaccmmlaay
1312 3678 1369 3738 der

246 3782 742 3869 511711οή1111111119111111111,
762 3783 811 3847 ed.
824 3783 931 3848 Mene.
952 3783 990 3847 Τ.
1009 3782 1036 3847 1.
1053 3806 1086 3869 p.
1106 3784 1258 3869 tii-63).
1283 3783 1368 3848 Prae

245 3893 316 3958 ahie
326 3891 428 3970 libris,
445 3891 500 3974 qui
513 3891 690 3957 doctrinam
703 3915 825 3957 sacram
836 3915 1024 3979 promovere
1035 3893 1239 3978 putabantur,
1251 3916 1369 3982 magno

245 4003 279 4073 in
307 4002 425 4072 honore
453 4001 650 4074 habebantur
678 4002 731 4069 illo
759 4025 838 4069 aevo
868 4003 1059 4090 Hieronymi
1089 4004 1306 4070 commentarii
1335 4003 1368 4067 in
