2918 4794
687 291 829 333 anonovl

572 467 639 531 AD
663 468 781 533 LIBR.
804 469 945 534 XXIX.

229 607 313 671 [Init]
335 608 486 671 Quamquam
498 624 542 656 non
554 608 655 672 iqnamis
665 605 722 670 sim]
741 609 796 659 MS.
809 608 921 658 Naturae
936 609 1090 659 remediorum
1108 620 1180 676 atque
1194 611 1319 663 multitudo

194 693 329 742 instantium
347 709 377 741 ac
389 701 570 756 praeceptorum
584 691 658 756 pluro
670 691 698 740 de
710 693 765 756 ipsa
779 692 888 741 medendi
903 702 956 742 arte
972 704 1057 759 coqunt
1073 693 1157 758 dicere,
1176 713 1319 762 quamquam

193 793 239 825 non
251 777 348 840 iqnaros
359 776 419 826 nulli
428 784 483 825 ante
495 776 553 825 baec
563 776 654 825 Latino
665 793 769 825 sermone
780 775 882 839 condita,
901 795 1031 842 ancepsque
1049 778 1162 828 lubricum
1179 796 1228 830 esse
1240 797 1319 831 rerum

194 861 293 911 omnium
310 878 435 922 normam,
453 868 476 909 et
492 859 574 909 talium
590 861 681 923 utique,
701 869 748 909 tam
765 859 854 909 sterilis
868 862 965 926 qratiae
983 871 1108 926 tantaeque
1126 863 1279 928 difficultatis
1295 867 1319 916 in

191 945 327 1008 promendo.
346 947 389 996 Sic
401 947 541 996 Vossianus
558 955 583 995 ct
598 948 724 995 maiorem
740 947 817 995 etiam
833 954 930 1009 partem
947 947 1127 998 Chiiletianus:
1144 964 1227 1012 neque
1243 951 1319 1000 aliter

194 1032 332 1093 legendum
348 1039 393 1079 est.
416 1029 600 1092 Praeceptorum
617 1036 656 1077 est
672 1029 874 1092 anticipatorum,
895 1038 1091 1093 occupatorum:
1108 1033 1157 1082 nisi
1173 1034 1249 1083 malis
1262 1050 1319 1097 per·

195 1121 321 1176 ceptorum.
348 1114 481 1163 Pintianus
498 1127 531 1162 ex
548 1114 714 1176 apographo:
735 1128 866 1175 ancepsque
881 1129 910 1161 ac
927 1112 1041 1162 lubricum
1057 1131 1106 1163 esse
1122 1131 1200 1164 rerum
1216 1117 1318 1166 omnium

195 1214 307 1246 nouorum
321 1196 472 1261 principium.
499 1197 549 1248 Sed
566 1198 616 1246 hoo
633 1198 809 1257 condiderunt,
831 1197 874 1259 qui
891 1213 942 1247 non
959 1199 1135 1261 intelligebant
1156 1197 1186 1248 τὸ
1206 1199 1319 1249 labricense

195 1297 248 1331 csse
265 1282 307 1330 hic
324 1282 442 1344 positum,
459 1288 488 1330 ut
505 1296 563 1330 cum
577 1281 668 1330 dicitur
685 1279 797 1329 lubricum
815 1280 947 1330 iuventutis.
965 1279 995 1329 τὸ
1009 1297 1039 1330 ac
1050 1291 1118 1333 recte
1131 1284 1231 1334 sustulit
1244 1284 1318 1335 Gele-

194 1367 258 1414 nius.
276 1365 365 1428 Neque
377 1367 403 1413 id
416 1365 459 1413 alii
472 1373 582 1428 quatuor
594 1366 675 1413 nostri
688 1372 836 1426 agnoscunt.

229 1446 265 1509 [5‚
279 1447 306 1509 6]
318 1447 520 1511 Dissederuntque
537 1464 578 1496 eae
593 1447 701 1496 scholae:
718 1455 741 1494 et
752 1464 829 1496 omnes
841 1464 882 1496 eas
895 1446 1018 1498 ἀαηιηαυὶτ
1028 1449 1184 1514 Heropbilus]
1201 1451 1319 1512 Quatuor

194 1531 282 1591 nostri,
294 1531 495 1594 Dissederuntqne
507 1548 536 1580 ec
547 1531 634 1581 sciolo.
653 1533 794 1595 Antiquior
805 1530 946 1582 laedmcole.
962 1534 1043 1596 Lege:
1056 1534 1259 1599 Dr'ssederuntque
1270 1534 1319 1585 liae

195 1612 236 1662 diu
249 1613 349 1662 scholae.

229 1697 293 1761 [Ib.]
315 1697 364 1756 Qui
377 1715 439 1762 quae
454 1698 516 1747 inter
533 1694 604 1748 initia
615 1699 723 1763 scripsit]
743 1701 905 1761 Hermolaus,
922 1699 966 1748 sed
980 1716 1041 1763 quae
1058 1701 1119 1749 inter
1135 1701 1206 1750 initia
1222 1703 1319 1767 sempsit

194 1780 236 1830 iilo
247 1798 300 1830 mou
312 1799 358 1832 rec.
371 1799 387 1830 a
398 1783 448 1832 vita
460 1782 495 1833 ad
504 1800 549 1832 sua
561 1783 656 1848 placita
673 1784 784 1833 mutavit:
801 1792 853 1845 aut,
869 1800 939 1847 seque
956 1784 1018 1832 inter
1035 1784 1106 1833 initia
1123 1783 1259 1849 adscripsit,
1277 1784 1319 1835 illo

194 1881 248 1914 mon
265 1883 311 1915 rec.
328 1883 344 1914 a
360 1867 410 1915 uita
425 1884 471 1916 sua
482 1866 577 1932 piacita
595 1869 701 1917 mutavit.
724 1869 801 1918 Voss.
820 1884 889 1930 seque
906 1869 966 1917 inter
983 1868 1052 1917 initia
1068 1868 1198 1932 adscripsit
1213 1868 1251 1919 illi
1264 1886 1320 1918 mos

192 1948 330 2013 procedente
341 1950 401 1999 uitia
411 1968 456 2000 sua
468 1961 491 2000 et
503 1951 604 2015 placita.
623 1954 659 2002 Ut
675 1953 727 2001 iere
740 1960 766 2000 et
778 1952 878 2002 Chiflet.
896 1953 987 2001 Forte:
1004 1952 1109 2001 Auditor
1125 1953 1175 2001 eius
1191 1953 1318 2003 Themison

45 2040 49 2044 '
133 2047 181 2093 808
187 2037 248 2100 fuit,
264 2049 334 2096 seque
346 2035 407 2083 inter
418 2035 488 2083 initia
500 2034 629 2098 adscripsit
641 2035 684 2096 illi,
701 2051 755 2082 mon
770 2033 897 2082 recedentis
908 2052 925 2082 a
937 2036 987 2083 vita
997 2052 1043 2083 sua
1054 2035 1090 2084 ad
1101 2035 1194 2099 placita
1210 2037 1317 2105 mutauit.

194 2123 307 2171 Primum
323 2135 377 2169 sese
388 2120 588 2182 Asclepiadeum
600 2119 728 2182 professus
745 2125 796 2180 est3
815 2119 872 2167 dein
885 2119 978 2168 mortui
990 2120 1085 2183 placita
1096 2122 1203 2169 mutavit
1218 2123 1250 2168 ad
1265 2136 1317 2170 sua.

194 2206 266 2254 Men.
282 2211 307 2253 et
318 2205 399 2253 Aead.
410 2202 490 2266 fuisse
507 2203 550 2265 qui
564 2203 625 2251 inter
642 2203 718 2250 initia.
743 2203 810 2253 Gud.
829 2209 853 2251 et
870 2201 1003 2264 Andagav.
1018 2203 1144 2265 fuisseque
1164 2203 1224 2251 inter
1239 2201 1317 2251 initia.

194 2289 305 2339 Pintiani
317 2291 399 2338 codex
412 2303 513 2351 prorsus
524 2296 553 2336 ut
564 2288 718 2336 Vossianus:
730 2289 793 2350 ipse,
804 2283 943 2348 procedente
954 2286 1068 2334 avaritia,

231 2370 266 2434 [5‚
282 2369 324 2433 10]
347 2369 403 2428 Qua
420 2369 490 2419 dere
507 2379 584 2419 exstat
601 2370 672 2418 etiam
691 2370 788 2419 Annaei
802 2368 906 2420 Senecae
922 2368 1056 2432 stipulatio]
1075 2370 1141 2420 Gnd.
1154 2372 1222 2420 Men.
1237 2369 1318 2418 Aead.

195 2454 341 2519 astipulatio.
360 2457 486 2506 Vossiana
499 2463 525 2504 et
536 2457 636 2518 Andeg.
649 2453 812 2518 adstipulatio.
831 2456 855 2503 id
869 2462 914 2514 est,
928 2455 1070 2504 adfirmatio
1084 2456 1115 2502 de
1126 2469 1189 2504 sese.

230 2539 292 2603 [In]
311 2539 412 2588 Animus
427 2540 507 2588 statim
524 2549 617 2588 nostras
634 2538 766 2603 neqotiart]
785 2539 939 2599 Vossianus,
958 2547 987 2589 ut
1003 2540 1123 2599 Pintiani,
1140 2537 1222 2585 anima
1237 2537 1318 2585 statim

195 2634 276 2674 nostra
293 2624 416 2688 neqotiari.
440 2626 521 2684 Lege:
539 2622 592 2672 Nec
604 2622 698 2671 dubium
710 2630 745 2670 est
756 2637 833 2669 omnes
849 2621 906 2668 istos
915 2623 1013 2682 famam
1032 2621 1134 2670 novitate
1150 2619 1233 2683 aliqua
1244 2636 1318 2669 aucu-

191 2717 278 2771 pantes
290 2708 385 2755 animoe
394 2706 478 2768 fatum
491 2714 585 2754 nostrae
597 2705 721 2768 neqotiari.
740 2707 766 2754 id
784 2713 827 2765 est,
844 2706 1012 2768 periclitando
1025 2707 1102 2755 vitam
1114 2714 1227 2755 nostram
1240 2719 1317 2768 pecu-

194 2793 264 2840 niam
282 2804 410 2852 qnaerere,
427 2791 561 2839 discrimen
577 2791 676 2838 animae
693 2797 796 2837 nostrae
812 2790 839 2836 in
846 2778 959 2850 'negotio
977 2797 1002 2838 et
1018 2797 1125 2851 quaestu
1140 2788 1240 2838 habere.
1264 2789 1319 2838 Nisi

137 2930 138 2937 ἵ
195 2883 280 2924 tamen
293 2874 365 2923 malis
377 2881 473 2935 statum,
491 2874 574 2934 idest,
591 2875 710 2922 salutem.
732 2888 792 2922 nam
803 2879 880 2919 status
892 2881 930 2921 est
942 2873 1010 2922 salus
1021 2874 1056 2922 rei
1069 2871 1209 2931 familiaris,
1222 2873 1316 2934 dequo

196 2972 243 3007 usu
254 2957 374 3006 vocabuli
385 2958 495 3007 diximus
507 2959 539 3007 ad
550 2958 628 3007 Plinii
641 2958 744 3006 minoris
756 2957 875 3019 epistolas
890 2953 942 3016 [10,
957 2954 1010 3017 24].
1028 2959 1063 3005 Et
1074 2963 1146 3015 stare,
1158 2954 1247 3013 sistere,
1264 2952 1337 3001 sisti‘

197 3042 327 3104 eleganter
344 3050 383 3090 est
398 3042 495 3090 salvum
512 3056 574 3101 esse,
592 3042 623 3090 de
640 3057 690 3103 qno
709 3042 743 3089 ad
753 3041 853 3089 Livium
868 3037 903 3101 [4,
916 3036 1007 3099 4ο,·9].
1031 3040 1128 3088 Verum
1143 3039 1195 3086 hoc
1213 3045 1275 3100 puto
1293 3046 1319 3084 et

196 3133 298 3176 auctore
310 3134 398 3175 nostro
411 3126 595 3186 dignissimum.

231 3206 267 3270 [6,
281 3206 323 3269 13]
343 3208 509 3259 Vulnerarium
521 3225 573 3257 eum
586 3207 683 3256 tradunt
691 3207 772 3267 fuisse
784 3214 889 3254 uocatum
901 3205 1016 3269 mireque]
1036 3205 1111 3256 chffl.
1123 3205 1244 3254 Vossiani
1257 3211 1315 3265 tres,

195 3295 277 3342 Acad.
296 3293 362 3343 Gud.
379 3309 430 3340 eum
440 3293 521 3354 fuisse
537 3291 636 3341 aedunt
652 3292 766 3354 mireque,
788 3293 841 3339 sine
859 3289 898 3355 τῷ
912 3298 1025 3338 vocatum.
1053 3290 1102 3340 Sed
1118 3303 1201 3350 neque
1219 3286 1319 3336 credunt

119 3427 125 3433 ,
196 3390 278 3438 neque
296 3374 393 3424 tradunt
413 3376 455 3424 hie
475 3377 562 3424 locum
580 3376 668 3424 habet:
691 3379 784 3438 pendet
801 3376 868 3423 enim
886 3375 967 3422 oratio
985 3372 1015 3420 ἐκ
1033 3372 1082 3421 τοῦ
1099 3371 1196 3421 Cassius
1210 3369 1318 3420 Hemina

196 3468 279 3507 auctor
295 3467 336 3506 est.
362 3460 443 3521 Lege:
467 3457 632 3508 Vulnerarium
650 3475 700 3506 eum
710 3459 790 3521 fuisse
806 3473 818 3505 e
834 3474 860 3505 re
876 3456 977 3516 dictum,
999 3456 1102 3519 mireque
1117 3463 1213 3519 pratum
1229 3452 1318 3502 adrem

197 3551 243 3590 tum
256 3541 312 3590 eius.

231 3625 307 3688 [CAP.
320 3626 341 3675 Ι.
360 3624 395 3687 [8,
411 3625 454 3688 18]
473 3624 524 3677 Sed
539 3624 647 3675 decuriae
662 3642 708 3688 pro
720 3641 782 3673 more
798 3624 903 3673 censuris
914 3622 1049 3687 principum
1068 3618 1245 3682 examinantur]
1264 3620 1319 3668 Vix

196 3719 233 3761 est
244 3713 316 3761 loeus
327 3712 354 3759 in
366 3712 451 3761 Plinio
462 3711 533 3770 alius,
547 3712 572 3758 in
586 3726 660 3774 quem
673 3710 706 3758 ab
718 3710 898 3773 interpretibus
910 3716 948 3758 tot
965 3724 1004 3757 res
1017 3709 1096 3756 mirae
1109 3706 1222 3755 coierint.
1245 3703 1317 3766 Step.

195 3798 318 3862 Aquaeus
334 3797 398 3845 haec
415 3799 451 3846 ita
467 3797 640 3859 superioribus
656 3797 746 3845 nectit:
769 3796 824 3844 vult
841 3795 989 3857 significari,
1012 3795 1032 3842 si
1051 3794 1174 3842 moriatur
1190 3796 1318 3853 aegrotus,

195 3897 248 3931 non
264 3883 336 3943 argui
355 3881 447 3933 erraris
464 3880 585 3945 culpasve
603 3883 723 3940 medicos,
741 3881 784 3929 sed
798 3880 875 3941 alios3
894 3894 948 3927 non
963 3879 1030 3937 illos,
1048 3878 1092 3926 sed
1105 3877 1153 3925 hos
1168 3873 1318 3934 examinari,

195 3968 264 4016 velut
280 3967 382 4016 soleant
398 3966 492 4014 iudicio
511 3965 652 4029 principum
673 3965 789 4013 decuriae
808 3980 823 4012 a
839 3963 1019 4011 decurionibus
1040 3958 1181 4009 examinari
1202 3959 1233 4006 de
1251 3964 1319 4006 statu

196 4050 296 4107 ordinis,
315 4058 358 4097 aut
375 4063 402 4096 re
418 4049 505 4110 aliqua
517 4048 628 4106 militari,
647 4055 672 4095 et
684 4053 819 4108 spectante,
826 4046 858 4093 ad
870 4059 930 4094 rem.
950 4044 1044 4095 Omnia
1055 4042 1207 4104 imaginaria
1218 4047 1243 4089 et
1254 4040 1320 4088 nihil

197 4133 229 4180 ad
241 4144 292 4180 rem
306 4131 454 4194 spectantia.
466 4132 581 4180 Medicas
592 4145 650 4178 cum
663 4131 785 4178 iudicibus
798 4128 896 4177 confert
905 4128 1011 4187 Plinius,
1021 4134 1141 4188 tanquam
1154 4124 1255 4186 utrique
1265 4122 1320 4171 sata

197 4221 223 4263 et
238 4213 352 4264 fortunas
369 4216 502 4264 hominum
519 4216 545 4262 in
562 4215 659 4263 ditione
676 4215 794 4274 habeant,
812 4220 838 4262 et
855 4219 950 4276 quanto
969 4211 1064 4260 maiore
1082 4208 1242 4273 providentia
1253 4207 1319 4257 iudi.
