2918 4794
527 301 632 342 uorsa
647 299 789 341 111111.
804 299 899 339 xxrx.
1234 277 1274 341 57

155 453 224 501 cibus
245 453 313 501 bona
335 458 361 499 et
381 453 447 500 vitae
469 465 544 513 qnam
565 451 670 500 medicis
694 450 899 509 committantur,
925 448 1042 498 ostendit.
1071 448 1192 496 Decurioe
1215 457 1274 498 suut

154 536 275 595 iudicum,
289 535 428 598 etquidem
441 536 560 598 quinque.
583 536 670 584 Prima
681 533 805 582 senatorio
817 542 879 593 erat,
894 533 1013 583 Ciceroni
1025 531 1154 594 appellata
1168 538 1189 581 1.
1202 534 1274 582 Ver-r.

155 627 270 668 extremo
283 626 309 666 et
321 626 344 668 1.
357 619 430 680 libro,
443 634 498 682 cap.
511 624 552 667 ³2.
571 619 662 667 Altera
680 618 780 680 equitum
793 635 808 668 a
821 618 975 669 Gracchanis
988 616 1150 679 temporibus.
1169 617 1274 666 Tribuni

155 703 252 762 aerarii,
270 703 313 765 qui
329 705 430 752 tertiam
448 703 582 762 faciebant,
600 704 692 751 sublati
710 702 813 762 aIulio,
832 710 860 750 ut
877 702 978 751 tradidit
991 701 1094 752 Sueten.
1108 714 1128 747 c.
1142 704 1191 759 41,
1211 701 1275 748 iuter

155 787 230 835 huius
242 794 351 836 mortem
362 786 447 836 locum
460 787 576 836 iecerunt
588 787 704 837 decuriae
715 785 874 834 centurionum
892 786 923 834 ab
935 786 1050 836 Antonio
1061 785 1170 842 additae,
1183 783 1214 831 de
1226 798 1276 845 qua

156 870 247 919 Cicero
263 878 322 920 1.11
336 878 358 920 5.
372 879 397 920 et
411 878 441 921 13
453 871 605 934 Philippica.
625 871 750 931 Quartam
767 871 858 920 adiecit
869 871 1002 932 Augustus
1014 867 1201 927 ducenariorum,
1213 866 1275 916 Sue-

155 960 208 1002 tou.
222 959 272 1013 32,
294 956 336 1017 qui
356 955 498 1004 iudicarent
515 956 545 1003 de
563 955 699 1004 levioribus
720 955 832 1004 summis.
860 954 980 1021 Quintam
999 952 1084 1014 Gaios,
1105 954 1194 1002 eodem
1212 957 1275 1000 teste

155 1050 209 1100 cap.
223 1042 261 1087 16.
281 1038 367 1098 Quare
379 1054 436 1087 cum
449 1040 481 1088 ab
493 1039 565 1088 initio
577 1039 640 1089 illud
652 1036 704 1088 Sed
714 1054 806 1102 parum
817 1039 934 1087 videatur
946 1038 1038 1086 habere
1051 1036 1181 1096 momenti,
1194 1035 1275 1099 suspi-

154 1122 231 1168 cabar
248 1121 385 1183 aliquando
403 1123 526 1186 scriptum
542 1122 620 1170 fuisse
638 1121 663 1171 V
676 1120 795 1170 decuriae:
819 1122 877 1170 dein
894 1121 993 1183 virgula
1015 1119 1079 1169 forte
1101 1120 1199 1170 adiecta
1217 1117 1274 1177 Sea,

154 1212 244 1264 postea
261 1201 319 1264 sed,
336 1204 446 1266 iactum,
464 1221 521 1254 cum
540 1206 613 1254 scribi
631 1213 770 1267 oporteret:
793 1203 900 1267 Quinque
913 1202 1024 1252 decuriae
1038 1219 1084 1266 pro
1096 1218 1159 1250 more
1171 1202 1274 1249 censuris

59 1277 62 1281 ’
151 1285 288 1349 principun
300 1288 472 1336 examinantur.
490 1290 565 1338 Adde
578 1289 727 1338 Suetonium
740 1288 850 1338 Claudio
863 1303 917 1350 cap.
933 1293 971 1336 16.
990 1288 1039 1339 Sed
1052 1289 1103 1336 hoc
1114 1285 1274 1336 arbitrarium

155 1376 218 1428 esto,
239 1384 328 1433 neque,
347 1371 366 1419 si
385 1372 425 1420 cui
442 1387 514 1422 secus
531 1373 654 1432 videatur,
675 1387 723 1435 pro
740 1386 770 1420 eo
788 1372 925 1420 obtinendo
943 1372 1117 1434 pugnaverim.
1144 1369 1275 1432 Sequitur:

154 1452 273 1514 inquisitio
285 1469 331 1516 per
344 1453 450 1516 parietes
465 1455 553 1519 oqitur.
582 1457 716 1505 Pincianus
738 1456 840 1504 coniicit
856 1456 994 1517 legendum
1008 1471 1053 1517 per
1065 1461 1184 1518 por-eritas,
1207 1455 1274 1516 quod

154 1537 193 1596 sit,
214 1552 259 1599 per
278 1538 437 1588 nobilitatem
454 1540 588 1588 maiorum.
614 1540 643 1589 P.
661 1540 786 1589 Pithoeus
805 1540 832 1587 in
852 1539 1016 1589 Adversariis
1037 1547 1144 1588 conatur
1164 1539 1274 1601 primum

155 1621 280 1683 explicare
293 1622 324 1669 de
335 1620 404 1670 furto
417 1629 541 1685 concepto
554 1635 600 1684 per
610 1622 711 1671 lancem
723 1630 749 1670 et
759 1622 862 1683 licium3
881 1623 938 1671 dein
951 1623 1056 1682 mavult,
1070 1623 1152 1682 11111,
1166 1623 1274 1685 parietes

154 1703 250 1752 diruere
262 1710 288 1751 et
295 1711 379 1765 portes
390 1718 521 1767 reponere,
533 1706 636 1766 quando
646 1707 713 1767 apud
724 1705 911 1765 Quintilianum
921 1706 963 1753 lib.
975 1712 997 1753 5.
1017 1705 1099 1754 Instit.
1111 1712 1125 1754 2
1137 1702 1274 1770 [1]appel-

154 1789 240 1837 lantur
253 1795 336 1850 partes
352 1787 561 1847 centurnoirolium,
581 1803 641 1850 quae
657 1787 681 1835 in
694 1785 755 1835 duas
767 1787 850 1836 besuus
861 1788 909 1836 sint
920 1787 1017 1836 divisae.
1036 1790 1177 1852 Utramque
1190 1805 1274 1838 emen-

155 1873 284 1921 dationem
301 1872 371 1934 quasi
390 1887 403 1920 e
416 1872 467 1920 suis
480 1873 589 1922 conditis
602 1871 738 1922 admetitur
748 1872 937 1934 Delecampius,
956 1886 1037 1934 neque
1054 1873 1125 1921 addit
1137 1874 1273 1935 quicquam

153 1964 255 2018 praeter
272 1956 402 2004 cumulum
420 1969 539 2015 errorum,
556 1958 616 2005 dum
634 1963 750 2004 auctores
767 1956 868 2004 vincere
885 1957 961 2016 gestit
973 1957 1132 2017 exponendo.
1151 1956 1273 2004 Decurias

154 2038 239 2086 scribit
250 2039 350 2086 Romae
366 2038 444 2088 fuisse
457 2040 576 2101 quinque,
594 2040 621 2088 in
638 2040 744 2101 singulis
764 2044 811 2088 10⁰
830 2039 904 2098 cives,
925 2039 967 2101 qui
984 2039 1085 2099 iudices,
1103 2053 1156 2086 non
1169 2039 1273 2101 equites,

131 2188 133 2193 Ι
155 2121 222 2169 dicti.
246 2121 347 2185 Quippe
363 2123 407 2170 ni?
431 2137 496 2184 quos
513 2124 579 2172 inter
594 2124 668 2171 multi
685 2131 768 2172 essent
790 2124 885 2172 ordinis
902 2138 954 2172 non
970 2123 1101 2184 equestris.
1128 2121 1179 2194 Sed
1197 2121 1274 2170 verba

153 2205 230 2253 Plinii
243 2220 275 2254 ex
286 2205 345 2254 libri
357 2212 397 2254 33.
410 2208 492 2270 capite
506 2212 516 2254 1
533 2204 569 2267 [7,
582 2205 627 2267 30]
641 2206 707 2256 male
719 2214 823 2269 accepta
835 2208 885 2255 1111
898 2206 1032 2255 transtulit.
1053 2206 1274 2266 Quemadmodum

154 2304 187 2337 ex
198 2290 312 2350 sequenti
323 2287 359 2350 [8,
369 2287 423 2350 31],
435 2293 503 2351 quod
513 2291 650 2352 subiungit,
664 2288 817 2338 Constitutum
828 2305 856 2336 ne
864 2289 903 2337 cui
912 2289 948 2336 ius
958 2287 984 2336 id
993 2297 1059 2350 esset,
1071 2289 1118 2336 nisi
1126 2289 1165 2337 cui
1175 2289 1274 2352 inqenuo

154 2372 209 2434 ipsi,
226 2372 294 2434 putri
309 2388 399 2434 ovoque
411 2380 512 2436 potone
523 2373 631 2422 111111ιί1
647 2372 821 2437 quadrinqentu
833 2389 913 2421 census
921 2374 1023 2436 fuisset3
1041 2382 1067 2422 et
1078 2374 1127 2422 hoc
1140 2388 1193 2422 esse
1209 2374 1274 2422 illud

154 2471 269 2512 examen.
281 2458 349 2505 hauc
360 2457 547 2520 inquisitionem
556 2472 601 2519 per
610 2465 729 2519 parentes.
747 2457 785 2507 At
795 2457 893 2506 Plinius
904 2458 929 2506 id
942 2458 1090 2520 pronuntiat
1101 2471 1154 2505 non
1167 2459 1197 2505 de
1209 2457 1274 2506 iudi-

155 2549 221 2598 catu,
238 2541 282 2588 sed
296 2541 326 2588 de
337 2541 391 2590 iure
402 2553 538 2589 aureorum
550 2541 711 2590 annulorum.
729 2542 816 2590 Priore
828 2555 930 2603 quoque
941 2541 999 2590 loco
1013 2538 1049 2601 [7,
1061 2537 1105 2600 30]
1118 2541 1162 2589 vix
1174 2541 1275 2603 singula

155 2623 236 2671 millia
253 2624 278 2671 in
296 2624 415 2684 decuriis,
437 2639 516 2686 quum
532 2634 642 2688 quatuor
659 2633 751 2686 essent,
771 2624 850 2674 fuisse
868 2626 914 2674 sub
930 2626 1049 2687 Augusto
1066 2625 1152 2674 scribit
1167 2625 1273 2673 Plinius.

156 2705 268 2754 Velleius
284 2707 434 2770 Pompeium
453 2712 503 2758 360
520 2709 611 2770 legisse
628 2710 705 2759 tradit
719 2709 763 2759 lib.
780 2716 795 2758 2
815 2707 850 2770 [1,
865 2713 904 2770 76,
919 2707 955 2770 1].
979 2710 1068 2759 Cicero
1084 2709 1180 2758 iudices
1195 2723 1274 2771 agno·

155 2789 201 2836 ecit
220 2795 276 2849 850,
294 2791 337 2852 qui
349 2792 484 2855 praecipue
493 2791 581 2842 Gnaeo
592 2794 786 2853 oblectarentur,
795 2795 838 2843 lib.
854 2800 877 2843 8.
892 2795 926 2843 ad
937 2795 1017 2843 Attio.
1031 2794 1103 2858 epist.
1120 2791 1172 2854 [16.
1185 2790 1273 2853 med.].

154 2872 242 2922 Nihilo
261 2874 418 2922 commodius
438 2877 568 2937 adspergit
586 2879 617 2924 de
635 2878 795 2939 quadruplici
812 2878 906 2926 iudicio
924 2886 950 2926 et
967 2879 1066 2927 duobus
1087 2878 1198 2928 consiliis
1217 2890 1275 2926 cen·

154 2957 319 3004 tumvirorum
336 2969 369 3004 ex
386 2957 467 3005 111111
483 2957 566 3006 Plinio
580 2956 616 3019 [6,
630 2965 671 3018 33,
684 2957 721 3018 2],
738 2967 766 3008 ut
783 2961 907 3021 approbet
920 2975 966 3022 per
982 2968 1071 3022 portes.
1095 2962 1190 3010 Valent
1207 2962 1274 3010 euim

154 3042 214 3098 ista,
239 3039 280 3087 ubi
300 3039 396 3088 iudices
417 3041 467 3088 iam
488 3042 577 3089 sedent
597 3042 756 3090 centumviri:
784 3048 810 3090 at
829 3043 906 3090 Plinii
926 3044 1055 3104 inquisitio
1076 3051 1113 3091 111
1133 3045 1159 3091 in
1179 3046 1274 3093 iudices

154 3124 321 3185 legendorum
338 3138 421 3172 causa.
448 3124 492 3170 Me
512 3125 532 3172 si
550 3125 605 3185 quis
623 3125 721 3183 audiet,
738 3126 855 3185 refingat:
873 3124 995 3187 inquisitio
1008 3141 1052 3187 por
1069 3123 1165 3186 patrias
1185 3125 1273 3186 uqitur.

154 3207 189 3256 Et
204 3206 375 3268 inquisitionem
391 3208 499 3269 accipio,
522 3221 598 3269 quarn
619 3209 645 3255 iu
663 3208 726 3256 alios
743 3208 820 3256 etiam
843 3208 954 3269 privatos
975 3208 1101 3271 principes
1121 3209 1148 3256 iu
1169 3222 1274 3257 censura

155 3289 286 3340 faciebant.
315 3291 451 3341 Suetonius
473 3290 580 3340 Claudio
602 3306 657 3354 esp.
682 3297 720 3341 16.
751 3289 837 3340 Plures
858 3299 940 3339 notare
959 3299 1069 3352 conotus,
1089 3307 1176 3355 nuqua
1197 3291 1274 3353 inqui-

154 3373 248 3422 sitorum
266 3372 419 3438 neqliqentio,
436 3373 480 3422 sed
493 3391 534 3422 auo
552 3375 641 3424 mamre
658 3374 780 3436 dedecore,
799 3375 910 3424 innoxios
919 3376 977 3439 scre
994 3375 1107 3440 repperit.
1134 3376 1211 3437 Quod
1230 3392 1275 3439 per

152 3456 247 3518 patrias
263 3458 310 3516 ait,
334 3459 415 3507 verbis
432 3459 543 3521 explicat
560 3461 694 3522 proximis,
715 3461 741 3508 in
760 3461 850 3523 quibus
866 3475 947 3524 aeque
964 3461 1039 3510 nihili
1056 3461 1167 3510 fuerunt.
1198 3463 1273 3521 Nam,

154 3539 196 3600 qui
211 3537 240 3586 de
256 3555 348 3588 nunrmo
364 3540 592 3605 iudicet,rAquaeo
610 3550 647 3591 est
664 3545 789 3604 medicus,
811 3545 855 3608 qui
876 3546 958 3595 soleat
978 3547 1069 3595 arcessi
1089 3562 1105 3594 a
1125 3545 1273 3595 distantibus

154 3624 262 3672 multum
278 3625 437 3686 regionibus,
459 3633 487 3674 ut
503 3626 542 3675 ius
559 3627 626 3675 dieat
643 3629 674 3676 de
690 3629 813 3689 nummis,
834 3644 898 3691 quos
914 3631 946 3677 ab
964 3630 1047 3690 aegris
1070 3635 1216 3689 extorquet3
1242 3631 1273 3678 de

153 3708 262 3756 nummis
282 3722 328 3770 per
348 3709 457 3757 ironiam
478 3709 537 3768 dici,
562 3724 615 3757 non
639 3712 669 3758 de
690 3712 806 3760 sanitate.
842 3713 975 3761 Pincianus
996 3712 1071 3760 scribi
1097 3713 1187 3760 suadet
1209 3708 1274 3758 indi-

154 3807 198 3851 ces,
214 3799 244 3840 ut
257 3789 333 3840 Indos
350 3791 421 3855 lapis.
449 3793 630 3856 Dalecampius
650 3793 769 3854 intelligit
790 3795 905 3844 tribunos
923 3795 988 3844 aeris
1007 3808 1060 3842 non
1080 3802 1174 3843 temere
1194 3796 1274 3844 111111

155 3881 179 3924 11
190 3875 249 3936 legi,
264 3877 309 3924 sed
325 3889 419 3937 magna
435 3890 493 3924 cum
510 3876 643 3938 diligentia
659 3884 684 3924 11
700 3877 802 3938 iudicio,
819 3885 847 3925 11
862 3879 944 3940 potius
956 3894 972 3927 a
984 3877 1098 3927 Gadibus
1110 3886 1136 3927 11
1148 3878 1273 3928 columnis
1292 3881 1302 3889 “

154 3958 280 4017 Η1111111,
292 3959 344 4007 sive
356 3960 388 4008 ab
400 3959 495 4008 ultimis
508 3968 588 4008 terrae
600 3961 691 4010 11111111
703 3968 870 4021 arcessantur,
881 3963 913 4010 de
925 3977 974 4025 quo
986 3961 1122 4011 videndum
1131 3961 1273 4012 Ascanium

154 4042 304 4090 Pedianum.
332 4043 445 4102 Quaerat
460 4044 506 4102 ibi,
527 4045 568 4092 cui
587 4052 661 4093 vacat
678 4058 811 4107 quaerere,
833 4047 901 4108 quod
916 4061 1045 4109 nunquam
1064 4053 1102 4096 est
1117 4046 1272 4097 inventurus.

117 4131 120 4135 ’
154 4125 220 4194 Nam
237 4127 350 4176 tribunos
366 4129 477 4178 aerarios
494 4143 527 4177 ex
543 4128 603 4176 albo
620 4129 731 4178 iudicum
748 4129 799 4178 iam
815 4137 926 4178 eraserat
943 4129 1030 4178 Iulius.
1054 4129 1081 4179 Si
1097 4145 1184 4180 verum
1201 4131 1273 4179 volu·

154 4224 219 4269 11111,
236 4209 300 4258 nihil
317 4210 385 4260 aliud
403 4211 470 4272 dicit,
487 4226 563 4274 quam
580 4226 614 4260 ex
630 4212 775 4274 longinquis
792 4213 937 4274 provinciis,
955 4221 1032 4276 atque
1044 4216 1108 4263 adeo
1120 4214 1273 4263 interduma
