2918 4794
203 384 271 425 XLII
639 383 885 426 Pnonnoounru.

205 553 271 595 sem
293 529 489 595 academiam
511 529 650 595 nominis
678 530 728 595 sui
756 530 841 594 fama
868 542 976 609 ornat,
1010 543 1198 615 praeceptor
1224 530 1278 616 pie
1306 553 1327 593 a
1375 582 1383 589 .

204 639 296 706 nobis
311 640 474 718 colendus,
491 639 655 727 egregiam
667 662 797 726 operam
820 662 909 704 suam
933 639 976 704 ad
998 639 1158 704 edendum
1178 640 1264 705 hunc
1285 639 1324 703 li-

203 751 297 815 brum
325 750 442 815 eximia
471 749 694 814 benevolentia
720 748 814 814 nobis
843 761 876 814 et
897 749 1081 814 obtulerunt
1102 760 1135 814 et
1155 749 1325 836 praestite-

203 870 286 924 runt.
320 860 383 924 His
405 861 505 948 igitur
527 860 605 924 viris
627 860 837 937 doctissimis,
864 859 892 924 si
921 859 1000 943 quid
1022 859 1074 924 vel
1095 880 1182 923 nunc
1202 858 1326 924 lucrata

204 980 255 1034 est
274 969 414 1034 Pliniani
437 969 543 1056 operis
566 970 658 1034 crisis
680 992 722 1034 ex
742 969 824 1035 libro
845 967 1039 1047 Veronensi,
1070 969 1121 1034 vel
1144 969 1270 1052 siquid
1292 970 1325 1034 in

205 1089 370 1164 posterum
387 1103 427 1145 ex
448 1102 486 1145 eo
504 1067 689 1159 lucrabitur,
712 1101 785 1144 cnm
807 1078 966 1145 doctiores
988 1077 1082 1144 nobis
1097 1090 1152 1144 aut
1165 1079 1326 1144 acutiores

204 1189 349 1254 homines
365 1189 515 1255 thesauro
529 1213 549 1253 a
562 1189 655 1254 nobis
670 1189 802 1255 invento
822 1187 987 1255 dexterius
1006 1189 1059 1254 usi
1082 1200 1190 1267 erunt,
1214 1211 1325 1254 omnes

203 1299 275 1364 illos
296 1301 418 1366 finctus
440 1299 551 1366 deberi
573 1299 657 1386 grati
679 1299 882 1384 profitemnr3
906 1321 1040 1376 errores,
1064 1298 1091 1364 si
1112 1320 1196 1383 qnos
1210 1298 1325 1364 fortea

204 1409 299 1474 nobis
313 1411 473 1475 admissos
488 1409 757 1495 deprehenderint
768 1409 914 1486 lectores,
927 1408 1078 1473 iuvenilis
1093 1408 1208 1473 aetatis
1222 1407 1326 1474 imbe-

205 1519 332 1585 cillitati
353 1518 582 1585 condonabunt
602 1529 659 1583 aut
679 1518 804 1606 prolixo
825 1520 936 1584 saltem
949 1528 1059 1584 nostro
1074 1519 1114 1583 de
1129 1518 1229 1584 literis
1244 1518 1326 1584 bone

206 1629 410 1714 promerendi
433 1629 538 1695 studio
560 1627 768 1694 excusabunt.

249 1779 417 1846 Dabamus
441 1778 635 1847 Carlsruhae
657 1781 735 1846 idib.
758 1781 878 1847 octobr.
900 1778 1159 1847 MDOOCLIV.
