2918 4794
181 270 220 333 18
236 336 240 343 ,
513 287 515 290 ’
671 290 813 333 anonam

215 440 268 504 [21,
283 438 326 501 75]
344 437 459 501 Erurnpit
471 445 560 486 torrens
572 446 640 488 tanta
657 440 686 499 vi,
704 447 730 487 ut
741 455 805 488 saca
817 439 952 503 pervolvat]
971 441 1058 493 Scribe
1071 457 1128 492 eum
1141 445 1217 495 Voss.
1230 446 1300 495 Men.

180 536 205 576 et
221 525 288 577 Gud.
301 521 436 587 provolvat.
458 525 593 574 Terentius
604 524 703 573 Andria
716 522 752 585 [4,
765 532 789 585 4,
801 522 858 585 38]:
879 525 926 574 iam
944 542 986 590 epo
1003 525 1064 575 lunc
1079 527 1103 575 in
1119 527 1220 576 mediam
1237 530 1300 578 viam
1338 558 1353 585 .

177 607 319 659 &evolvam
332 615 398 670 teque
409 604 494 656 ibidem
504 606 639 669 pervolvam
651 608 675 656 in
688 606 743 656 luto.

212 691 264 754 [21,
280 690 322 753 76]
341 690 396 739 Eae
407 698 542 739 sternuntur
552 689 682 754 productim.
700 691 792 740 Frutcs
804 699 839 740 est
849 691 903 740 ulcu
915 692 988 755 roris]
1007 695 1081 745 Voss.
1093 692 1218 759 prodatim
1231 695 1300 744 muli·

177 793 224 825 cem
234 775 321 838 frutex
332 783 367 824 est
376 775 447 825 roris.
463 776 545 838 Lege:
558 791 600 822 eae
611 782 745 824 sternuntur
755 774 879 840 pradalim
891 776 958 826 uliae.
976 778 1069 827 Brutus
1079 786 1114 826 est
1129 778 1192 827 roris
1211 778 1302 827 marini

176 859 267 909 similis.
286 860 362 920 Quod
374 867 400 908 et
411 873 425 907 e
437 874 484 908 suo
497 860 621 922 suggessit
632 860 772 909 Pintianus.

210 944 264 1008 [21,
278 941 322 1005 78]
344 938 487 994 Callaeciam
500 950 522 990 et
532 943 687 992 Lusitaniam
701 931 835 1006 praestare⁴
844 942 941 1007 quidam
959 942 1120 1008 tradiderunt]
1139 947 1216 996 Voss.
1230 948 1298 997 Grud.

175 1030 257 1080 Acad.
275 1029 344 1078 Men.
358 1025 522 1091 prodiderant.
540 1027 598 1077 Non
612 1027 740 1091 pensitare,
759 1043 837 1091 quam
853 1031 1056 1079 commodiorem
1071 1032 1208 1081 lectionem
1226 1039 1299 1094 putat

176 1115 318 1164 Pintianus.
880 1170 883 1177 ¹

169 1251 172 1258 ¹
211 1196 264 1260 [22,
278 1195 321 1258 79]
339 1195 386 1244 Est
398 1195 468 1244 etiam
481 1211 530 1243 una
541 1196 602 1244 ratio
619 1212 648 1244 ev
663 1195 848 1260 auripipmento]
867 1197 944 1246 Voss.
956 1205 992 1244 est
1007 1197 1139 1246 etiamnunc
1154 1214 1211 1248 vna.
1229 1199 1297 1249 (iud.

175 1283 243 1331 Men.
256 1291 282 1331 et
293 1281 373 1332 Acud.
386 1287 421 1328 est
431 1287 508 1328 autem
520 1295 580 1328 nunc
592 1295 640 1327 una
651 1279 722 1328 ratio.
740 1281 874 1330 Pintianus
886 1280 1018 1330 etiamnum.

210 1364 272 1427 [In]
291 1364 467 1429 Auripipmenti
481 1363 555 1412 librata
572 1363 650 1415 XIV
658 1361 861 1427 permutarentur]
879 1365 956 1415 Voss.
973 1365 1007 1416 X
1021 1375 1071 1428 1111,
1087 1366 1170 1428 idest,
1188 1367 1297 1417 denariis

176 1458 292 1512 quatuor.
1178 1511 1180 1515 Ι

212 1532 265 1595 [24,
281 1530 326 1594 82]
345 1530 470 1580 Anaitidis
483 1531 563 1595 posita
579 1530 674 1593 dicitur,
692 1531 795 1595 quadiu
811 1531 859 1580 situ
877 1539 994 1581 terrarum
1010 1533 1103 1582 nomine
1119 1533 1161 1584 leuc
1175 1535 1296 1599 sipnv'yica·

175 1619 257 1678 minus,
270 1614 373 1678 nurnine]
387 1618 538 1666 Hermolaus
551 1618 692 1667 Barbarus:
705 1614 768 1679 quod
779 1616 803 1664 in
815 1615 862 1664 situ
875 1623 952 1665 terrae
963 1615 1092 1666 Armeniae
1103 1618 1295 1682 sipnifimvimus.

175 1701 241 1751 Gud.
255 1707 280 1748 et
291 1701 361 1749 Men.
374 1698 471 1762 quodsi
481 1707 528 1748 tute
538 1715 620 1759 rarum
632 1716 715 1748 nonien
727 1699 776 1749 ltoc.
795 1701 876 1750 Aead.
889 1699 953 1763 qnod
967 1702 999 1750 sit
1016 1701 1140 1752 tutelarum
1152 1719 1233 1752 nomen
1245 1702 1294 1752 loe.

174 1786 251 1836 Voss.
264 1784 328 1847 qnod
342 1785 389 1834 situ
401 1793 518 1833 tamarum
530 1800 611 1833 nomen
622 1782 664 1832 loo
679 1783 825 1848 sipnavimus
840 1785 938 1834 nomine.-
956 1787 1065 1836 Videtur
1080 1795 1233 1836 monstrare:
1250 1802 1296 1849 quo

173 1870 206 1918 sit
216 1869 264 1918 situ
276 1877 393 1918 terrarum
404 1883 487 1917 numen
499 1866 549 1930 lior,
560 1866 705 1932 sipnavirnus
717 1867 816 1929 nominc,
828 1869 935 1932 pentibus
946 1867 995 1918 illis
1006 1869 1296 1939 comarumcomarum

172 1957 250 2018 igitur
261 1955 373 2005 Plinium
385 1954 468 2016 arguit
479 1953 670 2016 Delecampius,
688 1956 757 2015 quod
774 1968 900 2015 nusquam
918 1954 993 2002 huius
1010 1955 1098 2017 templi
1115 1955 1257 2003 meminerit
1267 1957 1293 2003 in

173 2039 410 2102 geographumenis.
433 2038 493 2086 Non
509 2038 577 2086 enim
594 2037 692 2086 dixerat
708 2037 751 2085 hic
767 2049 794 2086 se
812 2037 872 2085 alibi
889 2038 1042 2099 meminisse,
1059 2041 1103 2088 sed
1119 2052 1187 2088 nuno
1201 2039 1293 2101 ipsum,

172 2124 266 2184 ubisit,
279 2124 390 2184 signasse
402 2129 427 2170 et
438 2122 574 2170 denotasse
584 2120 696 2169 nomine.
714 2119 840 2168 Nimirum
852 2119 957 2168 Auseae
970 2122 1011 2169 vel
1023 2123 1090 2184 apud
1101 2122 1219 2173 Anaitas.

207 2206 259 2269 [24,
273 2204 317 2267 83]
336 2201 468 2267 Respondit
484 2203 544 2252 enim
561 2210 607 2251 tum
623 2201 726 2250 maxime
737 2201 882 2265 Aupustum]
901 2204 976 2254 Voss.
989 2205 1143 2253 cummaxime
1158 2204 1291 2269 Aupustum

172 2290 201 2339 de
212 2306 279 2339 crure
290 2291 340 2339 eius
351 2304 456 2338 coenare.
473 2287 510 2338 Ut
521 2288 565 2337 lib.
577 2292 618 2348 21,
632 2288 645 2335 'l
660 2284 713 2349 [19,
727 2284 780 2348 42].
800 2286 931 2350 Sequitur:
946 2303 1016 2350 seque
1029 2286 1094 2338 illum
1105 2304 1163 2349 esse,
1178 2296 1294 2353 totumque

171 2374 218 2424 sibi
227 2389 318 2423 censum
331 2389 360 2422 es
371 2388 401 2421 ea
411 2371 509 2434 rapina.
529 2371 570 2421 Sic
582 2371 725 2421 Vossianus
737 2371 833 2433 absque
844 2367 884 2434 τῷ
895 2385 943 2418 esse
955 2372 981 2419 in
992 2372 1050 2420 fine.

205 2457 259 2521 [25,
271 2456 316 2520 84]
328 2455 376 2505 Est
387 2464 410 2504 et
421 2456 468 2520 ipsi
477 2453 596 2519 superlato
608 2454 644 2504 vis
655 2453 764 2516 malefica
774 2452 920 2518 pallinarum
933 2461 956 2501 et
964 2470 1075 2517 pecorum
1084 2454 1202 2520 facturis]
1215 2458 1292 2507 Voss.

170 2541 280 2604 malefici.
307 2542 365 2591 dein
381 2542 449 2590 idem
466 2555 525 2589 cum
536 2541 648 2589 Pintiani
665 2541 739 2599 libro;
754 2539 879 2587 Acadam.
897 2545 923 2586 et
940 2538 1007 2588 Gnd.
1022 2539 1195 2603 pecuariorum.
1222 2543 1291 2591 Men.
1327 2566 1329 2575 ·

168 2624 362 2688 pacatianorum:
380 2625 487 2686 denique
505 2632 531 2673 et
547 2624 655 2686 primus,
672 2620 811 2672 Remedium
828 2621 935 2682 abluere,
952 2623 1007 2672 sine
1023 2621 1063 2686 τῷ
1078 2632 1119 2674 est.
1145 2626 1292 2674 Blanditur:

170 2707 218 2756 Est
228 2717 251 2757 et
261 2709 309 2772 ipsi
318 2707 429 2772 superlito
441 2707 477 2756 uis
488 2705 601 2768 malpicii
613 2705 795 2771 gallinaceorum
812 2713 834 2753 et
846 2706 1012 2769 pecuariorum
1021 2707 1135 2770 foeturas.
1153 2706 1293 2757 Remedium

108 2795 156 2840 819
170 2790 264 2841 abluam
280 2791 372 2840 inlitum
388 2798 411 2840 et
425 2805 537 2854 sparpere
553 2806 586 2851 eo,
604 2790 687 2853 quibus
702 2787 792 2839 mederi
805 2788 870 2839 velis.
893 2792 937 2841 lib.
957 2797 997 2853 33,
1011 2797 1026 2841 8
1041 2790 1094 2853 [41,
1108 2789 1168 2852 123]
1189 2807 1292 2855 quoque

169 2877 246 2926 Voss.
262 2875 352 2939 arpilla
368 2873 515 2939 superinlata
530 2890 576 2941 pro
593 2873 735 2938 superillita.
765 2873 930 2939 [Quanquam
948 2885 973 2926 et
989 2876 1033 2925 lib.
1051 2883 1092 2938 28,
1110 2883 1124 2927 8
1143 2873 1199 2938 [27,
1218 2874 1291 2938 108]:
1372 2894 1376 2899 ·

170 2959 297 3010 Sinistrum
306 2959 389 3023 pedem
401 2957 544 3023 superlatum
556 2959 703 3023 parturienti
714 2959 806 3009 letalem
818 2976 873 3008 esse.
891 2962 934 3009 Ex
945 2959 1066 3008 Inserend.
1080 2976 1104 3024 p.
1118 2958 1187 3021 845]
1210 2959 1290 3011 Galli·

169 3046 258 3106 narios,
277 3059 340 3108 quos
352 3046 416 3093 mihi
427 3046 533 3094 subiecit
545 3060 684 3095 consensus
696 3047 814 3095 codicum
831 3047 858 3094 in
871 3045 998 3108 pecuariis,
1017 3046 1095 3094 habes
1108 3053 1134 3094 et
1145 3045 1189 3094 lib.
1203 3051 1242 3105 10,
1258 3050 1290 3093 55

170 3128 222 3191 [76,
238 3127 310 3191 155];
327 3127 431 3177 traditur
442 3145 484 3176 ars
494 3126 621 3192 pallinarii
631 3128 752 3178 cuiusdam
765 3128 870 3189 dicentis,
888 3126 947 3190 quid
961 3144 991 3176 eu
1002 3144 1096 3192 quaque
1113 3136 1179 3178 esset.
1198 3129 1290 3180 Cicero

168 3214 212 3262 lib.
226 3221 241 3263 4
255 3213 290 3275 [2,
301 3219 341 3274 28,
350 3211 395 3274 82]
414 3214 506 3262 Aean:
519 3212 560 3260 An
572 3213 616 3262 tibi
625 3213 672 3261 erit
686 3210 835 3275 quaerendus
845 3211 987 3261 annularius
999 3211 1093 3275 aliquis,
1111 3212 1222 3274 quoniam
1233 3211 1288 3276 pal-

168 3298 279 3348 linarium
292 3297 401 3346 invenisti
411 3295 535 3346 Deliacum
547 3295 620 3357 illum,
638 3295 681 3358 qui
695 3312 740 3344 ova
752 3302 914 3359 coynoscerett
931 3299 1000 3348 Man.
1013 3298 1094 3348 Acad.
1108 3297 1187 3348 Gradu
1204 3296 1289 3346 Reme-

168 3382 232 3432 dium
244 3391 280 3431 est
289 3380 377 3430 dicitur
388 3381 447 3428 enim
460 3379 563 3428 abluere.
581 3381 681 3443 Nempe
692 3390 717 3430 et
729 3388 764 3428 est
775 3389 800 3429 et
812 3378 898 3428 dicitur
910 3381 969 3429 enim
981 3383 1097 3432 insiticia.

203 3467 255 3529 [25,
269 3464 313 3526 85]
331 3462 433 3522 Quodsi
444 3463 499 3513 trito
510 3480 594 3527 spuma
605 3462 747 3526 adiicietur]
766 3465 957 3528 Dalecampius,
970 3465 1030 3514 nitri
1038 3482 1130 3529 spuma.
1147 3465 1199 3516 Sed
1211 3466 1289 3516 Voss.

169 3551 238 3598 tritus
253 3565 338 3613 spuma
354 3546 510 3598 caudiciatur.
528 3549 609 3612 Lege:
631 3546 700 3605 Quod
715 3548 738 3596 si
753 3548 823 3597 tritus
835 3564 923 3612 punies
934 3548 1073 3598 adiiciatur.
1093 3549 1168 3599 Certe
1180 3549 1289 3599 farinam

166 3635 273 3698 pumicis
289 3634 376 3682 ulcera
391 3649 499 3697 purgare
516 3634 648 3684 oculorum
666 3632 753 3683 scribit
769 3633 813 3682 lib.
831 3637 876 3694 36,
895 3639 925 3683 21
946 3631 1004 3694 [42,
1024 3631 1093 3694 155]
1125 3633 1167 3682 Sic
1187 3646 1289 3694 quoque

167 3721 305 3769 Pintianus.

200 3805 264 3854 One.
277 3805 310 3854 V.
325 3801 378 3865 [26,
391 3800 435 3864 87]
449 3800 500 3850 Illa
511 3819 602 3866 quoque
614 3802 693 3865 liuba,
710 3818 781 3866 quam
794 3800 879 3850 luteam
891 3800 1025 3865 appellant]
1038 3803 1112 3853 Voss.
1125 3815 1195 3864 quam
1208 3797 1288 3847 lutum.

166 3890 201 3938 Ut
213 3899 239 3938 et
249 3887 315 3937 infra
327 3885 380 3949 [27,
393 3884 452 3948 9l]:
465 3885 566 3936 Luteam
580 3895 668 3951 putant
683 3904 700 3937 a
717 3886 764 3937 luto
780 3885 854 3935 terta
870 3883 965 3935 dictam.
983 3887 1033 3936 Ubi
1050 3885 1178 3948 praecepit
1189 3883 1289 3942 Salma-
1359 3885 1361 3889 ’

166 3973 217 4021 sius
230 3975 263 4023 ad
275 3971 355 4022 Solin.
367 3988 393 4036 p.
406 3977 464 4022 255.
482 3974 516 4022 Et
532 3981 619 4022 temen
635 3972 693 4021 iibri
709 3981 815 4031 veteres,
832 3971 923 4034 quibus
935 3971 978 4020 ilie
990 3985 1058 4029 usus,
1076 3968 1147 4018 lotam
1160 3976 1203 4017 aut
1215 3964 1289 4015 loton:

166 4056 208 4103 hie
220 4065 307 4107 noster
317 4058 393 4121 plane
405 4056 459 4106 luto.
479 4057 569 4108 Statim
584 4056 637 4118 [28,
650 4055 707 4118 87];
724 4054 825 4105 Natura
839 4063 880 4116 est,
898 4069 960 4117 quae
975 4053 1023 4103 lino
1039 4052 1136 4104 lanaeve
1147 4051 1182 4104 ad
1196 4067 1289 4101 mecum
1381 4056 1385 4063 '

167 4139 295 4190 liberidum.
314 4144 389 4192 Voss.
400 4158 488 4191 sucum.
506 4143 603 4202 Voluit,
617 4143 715 4204 opinor,
726 4141 820 4203 sucum,
840 4142 924 4200 idest,
938 4139 1058 4189 colorem.
