2918 4794
165 297 206 359 20
655 317 795 359 ononcvr

164 467 267 517 lichenas
276 476 298 516 et
308 467 386 531 lepras
397 483 427 515 ex
435 475 507 516 aceto.
521 468 615 516 ibidem
628 464 680 528 [32
695 465 751 529 72]:
763 467 912 517 Xenocrates
924 475 946 515 et
959 466 1063 516 lichenas
1075 475 1098 515 et
1106 483 1192 530 psoras
1203 466 1286 517 radice

166 553 190 601 in
202 561 268 602 aceto
280 551 374 601 decocta
387 551 438 600 tolli
448 551 513 600 dicit.
531 552 581 602 Ubi
594 553 746 601 Vossianus:
766 552 914 601 Xenocrates
926 560 948 599 et
963 550 1078 611 lichenas,
1093 567 1189 615 psoras,
1206 550 1286 616 lepras

164 635 251 697 radice,
264 645 310 687 etc.
328 637 396 686 Vide
408 636 451 685 lib.
465 640 505 696 26,
521 643 532 686 1
549 634 585 697 [2,
599 633 635 696 2]
652 637 790 685 Monuerat
801 645 827 685 et
838 637 980 686 Pintianus.
1096 637 1099 642 ’

196 718 428 781 (1111111111,
446 718 506 781 237]
526 719 585 767 Item
601 719 756 768 comitialibus
772 719 874 783 tepidum
891 736 943 769 cum
959 736 1026 768 succo
1043 719 1201 782 cucumerum]
1219 721 1286 771 Vos·

163 806 225 855 siani
238 807 288 854 duo
301 801 404 866 tepidm3
422 804 518 863 molior,
536 785 693 852 iomitmlihus
705 802 764 852 tedis
775 819 834 852 curn.
852 803 930 867 Lege,
944 803 1037 854 taediis.
1056 805 1098 855 Sic
1109 806 1189 854 utitur
1200 820 1230 854 eo
1242 820 1286 854 vo-

164 889 256 937 cabulo
270 889 313 937 lib.
326 893 367 947 23,
384 895 394 936 1
411 886 464 949 [16,
478 885 538 948 22]:
556 887 636 950 utique
647 886 748 935 ulcerum
762 887 926 952 phaqedaenr's
938 896 961 936 et
974 888 1120 953 qanpraem's
1132 888 1287 950 dirarumque

164 969 248 1020 taediis
260 987 311 1019 cum
323 971 374 1019 sale
386 970 517 1021 illinuntur.
530 972 573 1022 lib.
588 978 628 1033 21,
642 979 673 1022 10
683 970 737 1033 [47,
748 971 804 1033 76];
817 971 907 1022 Saccus
918 971 1019 1021 hederae
1031 971 1112 1021 taedia
1123 972 1216 1021 1111111
1227 988 1286 1036 qra-

163 1054 345 1118 eeclentiamque
357 1055 471 1106 emendat.
483 1055 527 1106 lib.
542 1063 582 1116 26,
598 1063 608 1106 1
625 1055 661 1118 [3,
675 1055 715 1118 3]:
736 1053 853 1105 0111111111
865 1073 966 1120 namque
978 1057 1114 1117 curabatur,
1133 1056 1160 1104 ni
1169 1071 1242 1118 usque
1253 1053 1289 1104 ad

164 1157 218 1188 osea
229 1157 313 1204 coquus
324 1149 427 1189 exustum
440 1148 508 1201 esset,
525 1138 652 1188 rebellante
665 1138 751 1190 taedio.
770 1142 867 1190 Eodem
880 1142 923 1191 lib.
937 1156 958 1189 c.
971 1147 1001 1191 13
1013 1139 1066 1202 [86,
1081 1138 1153 1201 188]1
1175 1140 1287 1189 Tarninia

163 1223 255 1287 quidem
267 1225 291 1273 in
304 1233 370 1274 aceto
381 1223 476 1273 decocta
488 1225 558 1273 etiam
572 1233 644 1273 vestes
656 1242 681 1274 eo
693 1224 772 1274 taedio
784 1224 875 1274 liberat.

198 1308 251 1371 [87‚
265 1308 326 1372 238]
345 1309 412 1358 Etsi
424 1309 576 1358 vehementior
587 1308 690 1371 somnus]
705 1311 766 1359 Vox
776 1326 870 1358 somnus
879 1324 931 1359 non
945 1317 984 1359 est
998 1311 1024 1357 in
1034 1310 1131 1373 optimo
1141 1311 1286 1373 conspicua.

163 1395 198 1444 Ut
210 1396 322 1456 suspicer
338 1409 395 1443 eam
408 1396 534 1454 insertam,
550 1403 686 1457 postquam
703 1393 855 1443 vocabulum
867 1394 1020 1458 praecedens
1032 1395 1069 1444 sic
1085 1402 1231 1459 corruptum
1247 1395 1286 1443 edi

164 1479 301 1540 coepisset;
313 1479 398 1527 Plinio
417 1486 502 1527 autom
515 1478 603 1528 fuisso:
615 1476 685 1525 Etsi
695 1485 803 1525 veternus
815 1476 956 1540 letharqicos
965 1485 1066 1541 manat.

199 1560 263 1611 Gne.
275 1561 377 1611 XXIII.
392 1560 444 1624 [98,
458 1561 520 1623 261]
538 1561 565 1609 E
575 1559 649 1610 viridi
655 1559 743 1623 ferula
760 1559 918 1623 ramusculus]
931 1563 1019 1611 Herm.
1030 1563 1168 1624 Barbarus,
1179 1560 1206 1609 E
1216 1559 1289 1611 viridi

155 1644 243 1707 serula
260 1644 385 1707 musculus,
404 1646 517 1707 subiicit,
535 1653 655 1708 tunquam
672 1662 704 1696 ox
717 1647 881 1708 Dioscorida,
898 1648 966 1710 apud
984 1661 1061 1710 quem
1075 1654 1114 1696 est
1127 1643 1285 1713 ἐντεριώνηι

163 1731 265 1794 insuper
281 1745 336 1780 osse
353 1732 452 1781 codices
468 1739 556 1791 notat,
576 1733 602 1779 in
619 1732 711 1794 quibus
728 1729 831 1779 medulla
848 1731 983 1792 scribatur,
1000 1746 1053 1780 non
1071 1729 1187 1778 musculus
1205 1745 1287 1794 neque

163 1815 316 1865 ramusculus.
335 1817 403 1865 Vere
419 1815 462 1865 ille
479 1817 580 1878 quidem
594 1824 741 1880 utrumque:
758 1818 875 1879 quamvis
890 1816 1054 1866 Dioscorides
1071 1817 1149 1865 alium
1168 1814 1287 1864 effectum

163 1901 186 1949 ei
198 1901 324 1950 medullae
337 1900 438 1962 tribunt,
451 1916 528 1964 quam
541 1901 583 1950 hic
594 1900 699 1950 Plinius.
718 1902 806 1951 Verba
817 1901 860 1950 lib.
873 1907 897 1962 3,
910 1907 951 1950 sl.
972 1894 1073 1948 Τούτου
1083 1895 1195 1966 χλωροῦ
1209 1894 1288 1955 ὄντος

88 1970 91 1978 ’
163 1984 179 2049 ἡ
193 1983 337 2052 ἐντεριώνη
348 1983 476 2052 meropius)
490 1982 682 2045 alponroi'rodq
692 1982 737 2033 nal
750 1981 904 2041 κοιλιακοὺς
916 1980 1027 2048 ὠφελεῖ.
1041 1985 1162 2034 11111111
1170 1985 1197 2032 in
1206 1998 1286 2032 mem-

162 2070 255 2130 branis,
268 2069 441 2132 Ohiflctianus,
454 2069 489 2117 Et
500 2068 577 2118 viride
589 2069 688 2120 merallu
700 2068 786 2118 nuituis
798 2068 854 2118 utile
866 2077 910 2117 est:
923 2078 1031 2133 quatuor
1046 2070 1128 2118 nostri
1140 2077 1168 2117 nt
1185 2068 1239 2117 iero
1253 2082 1287 2117 ex

163 2154 215 2204 alio
232 2162 333 2203 notant:
348 2153 375 2200 E
386 2152 461 2202 viridi
477 2152 579 2202 medulla
596 2152 673 2203 cultui
687 2152 743 2202 utile
761 2161 833 2201 estet
848 2152 884 2201 ad
898 2153 977 2201 omnia
993 2154 1042 2201 eius
1058 2152 1128 2201 vitia:
1144 2153 1298 2204 Vossianus

103 2245 150 2291 775
163 2240 301 2301 antiquior:
314 2237 340 2285 E
351 2237 424 2287 uiridi
433 2237 538 2287 medulla
547 2237 632 2287 uultuis
641 2236 697 2287 utile
706 2247 741 2286 est
750 2237 785 2286 ad
793 2237 872 2287 omnia
881 2254 910 2286 ea
919 2236 986 2286 uitia.
1006 2237 1173 2288 Scribendum
1183 2251 1287 2287 censeo:

163 2321 190 2371 E
203 2321 279 2371 uiridi
297 2320 399 2371 medulla
416 2322 492 2371 uulsis
509 2322 573 2371 utilis
589 2321 673 2371 estad
688 2323 768 2372 omnia
790 2338 872 2371 earum
888 2321 956 2372 uitia.
977 2322 1032 2371 Nisi
1049 2323 1125 2371 etium
1142 2320 1197 2370 utile
1213 2321 1287 2370 malis

163 2408 277 2469 retinere,
290 2416 318 2457 ut
333 2407 411 2456 Triste
424 2406 494 2471 lupus
504 2407 614 2457 stabulis.

198 2491 262 2540 ΟΛΡ.
279 2493 378 2543 XXIV.
397 2491 472 2554 [100‚
496 2490 557 2553 264]
580 2490 631 2542 Sed
646 2491 772 2541 discessuri
788 2494 818 2540 ab
835 2489 990 2552 hortensibus]
1013 2489 1207 2550 stadelarius,
1229 2503 1286 2539 eum

163 2577 303 2637 legeretur,
325 2583 380 2624 ante
401 2575 535 2625 discessum.
558 2578 640 2625 Acad.
669 2576 736 2627 Gnd.
752 2578 871 2625 Vossiani
889 2587 950 2626 tres:
972 2575 1092 2624 hortensis.
1120 2574 1288 2624 scribendum

164 2657 295 2708 hortensiis.
318 2660 360 2710 Sic
378 2661 444 2709 enim
463 2661 534 2708 solet.
554 2661 597 2708 lib.
619 2666 657 2719 18,
677 2658 759 2721 6[31,
773 2659 817 2720 98]
834 2658 970 2709 Hortensius
988 2659 1093 2729 omnibus
1105 2659 1163 2721 fere
1179 2655 1288 2721 sinqulae

155 2740 264 2791 'radices
277 2754 302 2792 ct
314 2759 369 2806 cap.
383 2750 397 2792 8
412 2741 465 2804 [40,
480 2741 553 2803 132];
570 2742 635 2790 Beta
647 2741 815 2791 hortensiorum
833 2743 950 2792 levissima
961 2751 1002 2792 est.
1016 2745 1058 2793 lib.
1072 2749 1111 2804 21,
1127 2748 1157 2792 15
1176 2741 1229 2804 [50,
1242 2740 1287 2805 86]

166 2827 231 2875 batin
243 2826 391 2875 hortensium.
411 2827 452 2875 Sic
466 2829 532 2875 enim
551 2828 626 2876 Voss.
641 2827 742 2877 Chiflet.
755 2828 877 2889 Prusiani,
895 2829 938 2877 nbi
956 2831 1034 2890 vulgo
1050 2826 1231 2876 hortensiorum.
1243 2828 1287 2876 lib.

167 2905 330 2973 21124157,
350 2910 409 2973 119]
428 2927 440 2959 1
453 2910 557 2973 floribus
573 2912 787 2974 coronamentisque
803 2920 826 2960 et
842 2911 972 2962 hortensiis.
989 2913 1086 2973 111126,
1104 2916 1118 2960 8
1133 2910 1185 2974 [50,
1199 2909 1243 2973 82]
1257 2913 1288 2962 de

169 2995 297 3044 crethmo:
309 2995 440 3059 speciesque
453 3004 488 3043 est
500 2996 560 3045 batis
572 2995 710 3046 hortensius.
724 2997 766 3046 Sic
777 2997 853 3060 plane
865 2998 938 3047 Voss.
951 3005 980 3047 ut
992 3003 1017 3046 et
1029 2996 1141 3057 chisen,
1154 2997 1197 3045 ubi
1210 2997 1287 3046 etiam

167 3081 262 3129 editum
275 3079 397 3130 hortensis.

201 3163 263 3227 [Ib]
282 3164 385 3214 Incusum
402 3164 483 3230 lapide
494 3167 599 3215 versibus
612 3165 636 3214 in
653 3166 731 3215 limine
743 3165 810 3215 aedis
826 3165 976 3230 Aesculapii]
994 3167 1116 3216 Academ.
1134 3164 1200 3216 Gud.
1217 3166 1288 3214 Men.

166 3249 191 3299 in
212 3249 290 3299 limine
307 3248 346 3298 dei
360 3250 506 3314 Aesculapii.
531 3252 664 3314 Andeguv.
687 3251 792 3299 versibus
809 3249 888 3299 limine
906 3250 947 3298 dee
964 3249 1093 3314 esculapis3
1116 3258 1141 3298 et
1163 3264 1240 3314 super
1256 3247 1287 3299 τὸ

168 3334 247 3384 limine
259 3343 382 3395 notatum,
396 3335 432 3383 rel
444 3335 496 3384 line.
515 3337 663 3396 Modestius,
682 3352 758 3398 quam
771 3344 866 3399 postea,
879 3342 1002 3385 tentatam
1014 3344 1125 3385 voterem
1137 3335 1289 3397 scripturam

167 3433 302 3481 agnoscere
319 3419 392 3479 licet,
416 3435 481 3481 quae
499 3428 601 3482 superat
619 3421 645 3468 in
661 3422 800 3470 sanctiore:
823 3419 924 3468 uersibus
940 3427 963 3466 et
979 3417 1071 3466 linedea
1088 3417 1199 3481 esculapi.
1220 3418 1289 3467 Hinc

167 3502 231 3551 illud
248 3501 325 3550 limine
341 3510 438 3563 netum,
456 3507 525 3565 quod
540 3505 670 3565 ignoravit
685 3505 789 3554 Plinius.
813 3505 890 3553 Forte
906 3505 1076 3553 scribendum:
1093 3501 1192 3550 incisam
1209 3498 1290 3565 lapide

168 3584 272 3635 uersibus
291 3585 330 3636 VI
339 3586 363 3635 in
375 3586 433 3636 aede
445 3586 592 3650 Aesculapii.

566 3787 632 3854 AD
655 3787 771 3852 LIBR.
794 3786 896 3851 XXI.

204 3928 268 3978 (lar.
281 3929 302 3978 Ι.
316 3927 352 3990 [1,
371 3925 398 3989 2]
418 3926 554 3988 Sufficiente
566 3927 667 3991 imaqini
678 3926 778 3976 colorum
791 3925 933 3989 reddendae,
950 3924 1114 3987 maturarum]
1127 3928 1290 3975 Annotantc

169 4011 240 4060 Vett.
257 4013 350 4072 sufficit.
367 4022 420 4062 tum
437 4012 646 4074 mixturarumque.
671 4011 794 4062 Academ.
812 4010 931 4061 reddendo
948 4011 1157 4073 mixturarumque.
1181 4009 1247 4059 Gud.
1265 4014 1291 4057 ei

170 4095 246 4144 Voss.
263 4097 325 4144 duo:
346 4095 480 4145 reddendae
497 4097 707 4159 mixturarumque.
731 4097 850 4159 Optimus
867 4094 1006 4157 sufficienti,
1023 4096 1092 4155 dein,
1115 4091 1251 4142 reddendae
1268 4099 1292 4140 et

124 4232 129 4257 Ι
171 4175 377 4242 mixturarumque.
397 4180 526 4243 Suspicor:
544 4177 595 4229 Sed
609 4196 637 4227 ne
650 4179 747 4243 pictura
763 4179 855 4242 quidem
873 4179 990 4240 sufficiam
1006 4177 1108 4243 imaqini
1116 4176 1223 4233 ,colorum
1236 4175 1290 4225 red·

172 4259 262 4310 dandae
274 4272 307 4311 est
318 4263 521 4328 mixturarumque
532 4263 651 4313 varietati.
