2918 4794
651 1282 805 1377 NOTAE

572 1437 636 1502 sn
665 1437 785 1502 niun.
816 1434 893 1501 vn.

172 1596 283 1660 [Primus
294 1611 412 1646 numerus
425 1597 531 1645 denotat
542 1595 643 1655 librum,
660 1597 881 1657 secundusomne
898 1594 984 1643 tertius
1002 1601 1169 1656 segmentum,
1188 1602 1293 1659 quartus

212 1689 400 1754 paragraphum
413 1689 473 1736 edit.
486 1687 568 1749 Siliig.
589 1727 618 1734 -
639 1687 711 1746 Quae
721 1687 794 1733 uncis
806 1686 905 1734 inclusa
918 1692 977 1735 sunt
987 1700 1055 1735 nova
1066 1685 1248 1748 accesserunt]

206 1825 271 1876 cm.
288 1823 416 1874 XXXVI.
441 1819 494 1882 [36‚
513 1817 573 1880 121]
600 1819 625 1867 A
647 1818 749 1867 ianitore
769 1833 860 1881 semper
881 1834 980 1867 ercussa
996 1835 1024 1866 ne
1040 1817 1098 1881 quid
1119 1818 1218 1882 inferret
1233 1819 1292 1882 ciba]

170 1911 220 1959 Pro
238 1924 336 1956 measse
353 1907 420 1958 Gud.
437 1908 508 1956 Meu.
521 1906 601 1955 Aead.
615 1911 722 1952 curante:
739 1910 769 1952 ut
786 1911 811 1952 et
826 1905 890 1953 Mss.
905 1907 938 1953 ad
954 1905 1103 1966 marginem,
1121 1913 1147 1953 et
1162 1912 1212 1954 tres
1229 1920 1295 1967 quos

170 1993 232 2042 vidit
243 1991 394 2041 Salmasius:
411 1992 479 2039 unde
495 1989 540 2038 ille
556 1990 635 2037 modo
653 1987 722 2036 elicit
738 1987 882 2049 exquirente,
899 1990 977 2037 modo
989 1988 1073 2051 ipsum
1085 1996 1183 2036 curante
1195 1990 1294 2048 retinet,

170 2079 246 2125 modo
259 2081 341 2124 tentat
353 2090 452 2122 excussa
464 2081 526 2122 ante.
544 2072 656 2122 Pintiani
669 2071 819 2132 Toletanus,
837 2071 970 2120 excutiente.
993 2072 1053 2122 Non
1065 2073 1139 2122 video
1151 2074 1194 2122 hic
1207 2075 1293 2137 appel·

169 2160 218 2207 lari
228 2158 421 2208 Ohifletianum:
435 2156 537 2219 quodsi
549 2163 727 2217 argumentum
740 2161 779 2204 est
789 2155 883 2204 firmari
895 2156 927 2203 ab
940 2171 970 2204 eo
979 2152 1009 2203 τὸ
1020 2171 1126 2217 excausa,
1136 2156 1211 2205 facile
1220 2172 1294 2220 prae·

170 2251 261 2304 gravat
272 2256 361 2290 omnes
379 2242 443 2290 alios
461 2255 518 2288 cam
537 2254 583 2289 suo
599 2247 704 2287 curante.
723 2240 767 2288 Sic
780 2239 885 2288 Asinius
897 2239 980 2288 Pollio
993 2241 1025 2288 ad
1038 2238 1185 2290 Ciceronem
1197 2241 1240 2290 lib.
1255 2249 1294 2292 10.

160 2327 251 2377 famil.
264 2332 294 2375 31
311 2322 366 2387 [4]ι
384 2323 507 2374 Sexcentas
518 2322 578 2371 enim
597 2321 651 2371 locis
667 2322 823 2382 excutiuntur,
839 2320 924 2370 deinde
939 2323 1010 2370 etiam
1027 2323 1156 2372 retinentur
1173 2341 1189 2372 a
1200 2325 1295 2388 Lepido

171 2407 296 2458 tabellarii.
320 2409 470 2472 Spartianus
492 2408 520 2457 in
542 2407 666 2470 Septimio
690 2405 726 2468 [6.
747 2422 772 2469 p.
791 2403 864 2468 598]:
893 2415 1069 2469 armatumque,
1092 2406 1295 2458 circumstantibus

171 2493 279 2554 armatis,
295 2491 432 2541 salutarunt
447 2491 545 2552 excussi,
563 2506 592 2539 ne
609 2489 669 2552 quid
675 2490 746 2552 ferri
760 2489 879 2540 haberent.
898 2491 943 2542 Sin
961 2499 987 2540 et
1003 2492 1057 2555 ipse
1073 2493 1108 2540 sic
1126 2493 1212 2554 habet,
1230 2494 1295 2542 nihil

170 2578 337 2627 verosimilius
353 2593 429 2641 quam
445 2584 564 2625 scrutante
582 2576 711 2640 scripsisse
725 2577 844 2626 Plinium.
862 2577 899 2626 Ut
913 2584 1056 2624 scrutatores
1074 2579 1100 2625 in
1116 2577 1207 2627 officiis
1224 2580 1295 2641 prin-

171 2660 254 2722 cipum
267 2665 335 2724 apud
347 2662 474 2711 Iustinum
485 2661 528 2709 lib.
541 2666 581 2721 38,
596 2665 618 2710 1.
631 2667 657 2710 et
669 2660 818 2711 Suetonium
831 2661 939 2712 claudio
952 2665 993 2711 35.
1011 2660 1168 2724 Vespasiano
1183 2667 1221 2711 12.
1241 2661 1295 2724 [Ex

171 2742 306 2794 Miscellan.
325 2761 350 2808 p.
368 2749 424 2794 846.
443 2747 481 2794 ed.
498 2745 649 2795 Hackianae
671 2746 722 2794 huo
745 2746 877 2806 traximus,
901 2753 929 2794 ut
948 2745 1062 2794 ordinem
1082 2746 1197 2795 locorum
1219 2747 1295 2795 Plinii

171 2825 347 2887 servaremus]
482 2882 486 2889 ¹

206 2908 271 2957 Gna.
283 2911 409 2958 XXXIX.
425 2909 481 2971 [40,
497 2907 557 2970 las]
578 2909 651 2967 Quem
662 2911 729 2961 Nero
740 2911 818 2962 H-S.
834 2908 919 2961 CXX.
932 2911 971 2960 M.
988 2911 1134 2973 manumisit]
1154 2914 1196 2973 Sic
1214 2915 1295 2964 reddi·

172 2994 271 3053 derunt,
283 3008 360 3054 quum
372 2993 398 3040 in
408 2996 470 3043 Mss.
479 3000 505 3042 et
516 2995 575 3053 edit¹
589 2996 698 3056 antiquis
708 3002 774 3044 esset
782 2993 831 3042 III
838 2993 953 3055 CXXX,
962 2995 1004 3043 vel
1016 2994 1040 3041 in
1053 2992 1167 3044 CXXX.
1181 2998 1295 3059 Repone,

170 3077 254 3138 inquit
266 3076 404 3137 Salmasius
416 3079 447 3126 ad
460 3076 542 3127 Solin.
554 3091 579 3139 p.
593 3084 642 3137 41„
659 3094 726 3140 quern
738 3077 805 3127 Nero
816 3076 851 3125 II
855 3077 882 3127 S.
898 3075 1014 3126 CXXX.
1027 3078 1174 3126 manumisit.
1191 3080 1241 3128 hoe
1257 3088 1295 3128 est

172 3161 293 3210 sestertiis
305 3168 406 3210 centum
419 3162 530 3223 triginta.
543 3162 672 3211 Modicam
686 3170 771 3211 tamen
783 3163 851 3211 hanc
863 3177 989 3211 summam
1001 3162 1121 3224 intelligit
1132 3162 1194 3225 ipse,
1206 3164 1227 3212 si
1237 3178 1295 3212 eum

172 3246 276 3292 caeteris
297 3247 350 3294 eius
372 3246 461 3308 capitis
482 3253 655 3308 comparetur:
684 3261 765 3308 eoque
788 3247 854 3296 forte
877 3246 1005 3309 scripsisse
1021 3253 1162 3296 auctorem:
1184 3247 1296 3296 sestertiis

175 3324 268 3377 0000:
287 3332 330 3378 sed
343 3330 542 3392 dispensatorem
554 3330 626 3379 illum
639 3339 739 3380 tantum
751 3331 837 3393 fuisse,
856 3331 928 3381 nullo
941 3331 1046 3380 artifieio
1058 3333 1295 3382 commendabilem.

174 3412 252 3471 Quasi
264 3429 314 3462 non
327 3415 395 3463 omni
408 3415 516 3463 artificio
529 3430 574 3478 par
586 3424 611 3464 et
622 3417 705 3465 maius
717 3416 744 3464 in
756 3432 828 3465 servo
840 3416 916 3465 fuerit
928 3416 978 3466 fide
988 3429 1019 3465 ae
1030 3417 1120 3479 peritia
1131 3431 1232 3465 omnem
1242 3432 1295 3466 rem

173 3504 308 3547 aestatum
321 3499 416 3547 domini
428 3491 517 3549 tuendi
529 3506 555 3548 et
565 3500 740 3562 locupletandi
751 3502 894 3563 praeditum
907 3515 969 3550 esse.
987 3501 1070 3562 Atqui
1086 3516 1115 3547 er
1135 3508 1184 3549 tata
1192 3499 1297 3563 familia

170 3580 349 3642 astutissimas
361 3584 422 3632 dicit
434 3582 571 3633 Suetonius
582 3584 608 3631 in
620 3583 723 3632 Nerone
736 3584 921 3646 dispensatores
933 3591 958 3632 et
970 3598 1146 3634 amanuenses.
1165 3585 1216 3633 Sed
1232 3593 1258 3633 et
1274 3587 1294 3634 si

173 3678 258 3715 servus
271 3665 480 3728 suffragationem
492 3670 523 3716 ad
537 3668 749 3730 dispensationem
763 3667 879 3717 Caesaris
892 3669 975 3717 decies
988 3669 1104 3717 sestertio
1117 3669 1190 3728 amit,
1208 3670 1295 3729 quanti

174 3748 267 3798 Caesar
279 3751 310 3799 ad
322 3751 412 3800 luxum
429 3752 536 3814 pecunia
553 3752 653 3813 indigus
670 3751 813 3800 libertatem
831 3766 911 3810 servo,
929 3751 971 3814 qui
988 3753 1082 3801 multos
1099 3767 1178 3801 annos
1197 3752 1296 3814 dispen-

174 3840 242 3881 sator
253 3832 310 3893 fait,
322 3837 431 3884 vendere
444 3835 545 3884 debuit?
564 3835 590 3884 Is
603 3843 648 3895 est,
662 3837 693 3884 de
705 3850 756 3898 quo
768 3834 906 3885 Suetonius
919 3836 1023 3887 Othona
1035 3851 1089 3899 cap.
1104 3840 1127 3884 5.
1144 3837 1210 3886 Mihi
1223 3851 1295 3898 pror·

174 3932 216 3966 sus
228 3929 282 3964 non
294 3925 346 3967 tam
358 3919 465 3969 liberare
477 3934 576 3968 servum
588 3920 699 3968 voluisse
710 3920 809 3968 videtur
820 3919 890 3969 Nero
908 3935 985 3982 quam
1001 3921 1136 3984 spongiam
1148 3921 1295 3970 humentem

175 4000 325 4063 exprimere.
343 4002 432 4064 Itaque
445 4004 507 4052 nihil
520 4004 670 4066 promptius,
684 4019 760 4066 quam
773 4014 801 4052 ut
813 4013 888 4053 notas
900 4004 959 4054 illas
972 4004 1138 4068 explicemus:
1150 4020 1217 4067 quern
1229 4003 1296 4054 Nero

174 4084 280 4132 sestertio
292 4085 375 4133 centies
389 4087 467 4134 tricies
480 4087 622 4136 mannrnr'ait.
636 4089 686 4138 hoc
700 4099 745 4148 est,
760 4091 878 4139 trecentis
890 4091 977 4151 viginti
991 4091 1101 4153 quinque
1114 4090 1225 4139 millibus
1234 4091 1296 4140 Phi-

174 4168 277 4231 lippdm.
301 4170 402 4219 Etiam
421 4180 663 4221 commonstravcrat
681 4173 751 4222 illam
769 4174 835 4222 viam
852 4174 984 4224 Budaeus:
1003 4176 1049 4224 etsi
1070 4174 1162 4224 librum
1185 4183 1296 4224 veterem
