2918 4794
175 255 214 317 62
663 278 806 322 neonem

170 440 213 475 nec
222 424 297 488 pauci
306 432 412 475 auctores
424 424 467 473 boc
478 425 602 490 essequod
610 427 687 492 qrplli
696 420 816 490 voemlur3
839 428 920 481 need.
934 429 1001 482 eae.
1013 432 1091 484 Vane.
1107 433 1151 487 elii
1168 435 1230 486 duo:
1252 452 1294 488 nee

170 508 294 572 pauciores
310 507 351 559 bec
367 524 416 559 esse
433 507 496 571 quod
509 508 584 574 puplii
598 519 714 562 nocentur.
740 514 822 574 Lege:
844 510 907 561 Eme
922 513 1015 564 animal
1030 514 1133 567 hastae
1148 517 1226 569 simile
1241 520 1293 572 sine

168 592 260 654 pennis,
273 589 337 655 quod
348 590 459 640 tresallis
474 592 565 643 Graece
577 602 677 656 vocetur,
694 594 810 644 Latinum
822 613 903 647 nomeu
915 613 961 649 non
972 597 1065 660 babeat,
1083 600 1161 664 aliqui
1171 603 1292 654 arbitran-

171 684 223 734 tur,·
240 690 282 724 nee
291 675 365 738 pauci
375 684 490 737 auctores,
503 676 545 726 bos
556 693 611 736 esse,
624 678 667 740 qui
675 678 750 743 prylli
760 688 875 733 nocentur.

206 757 259 821 [17,
273 758 318 823 bl]
341 758 444 818 Quidam
461 768 572 810 recentem
585 761 768 828 superallepant.
791 762 846 812 Alii
855 762 954 815 duorum
965 764 1068 830 dierum]
1091 768 1168 820 Voss.
1184 772 1291 834 emperia·

171 843 248 908 lipant
264 842 310 895 alli
319 842 391 893 duum
402 842 500 905 dierum,
517 854 546 895 nt
558 855 583 896 et
595 846 697 898 chiese.
714 848 794 897 Duum
808 857 834 897 et
845 849 988 900 Pintienus.
1012 851 1064 901 Sed
1080 861 1106 901 et
1120 853 1231 918 Andeg.‚
1247 858 1291 919 qui

170 930 248 978 etiem
264 927 433 992 superillipant
453 944 511 979 cum
527 932 596 980 Men.
613 931 694 981 Acon.
712 931 779 983 Gnd.
798 933 892 985 Mirum
910 949 980 994 vero,
998 936 1068 998 quod
1086 937 1197 998 optimus
1214 940 1290 990 etiem

170 1009 230 1058 dant
240 1011 355 1060 arenanti
363 1027 410 1075 pro
424 1009 483 1060 dant
494 1013 623 1076 ipnoranti.

204 1097 268 1148 Ger.
286 1096 346 1146 VII.
361 1095 413 1158 [le
428 1095 472 1158 58]
490 1097 617 1148 Abstinere
629 1105 706 1146 autem
718 1098 855 1163 afrupibus
865 1109 921 1151 ante
933 1110 955 1150 et
965 1101 1094 1166 pollinam]
1117 1104 1194 1168 Lege¹
1207 1104 1290 1155 Absti-

169 1181 227 1232 ueri.
250 1182 287 1232 Ut
299 1181 342 1232 lib.
356 1187 396 1241 29,
410 1186 424 1230 6
439 1179 492 1242 [36,
506 1180 578 1244 113]:
600 1181 791 1246 palliuaceusque
805 1184 828 1232 ei
842 1184 945 1234 inclusus
960 1186 1108 1236 abstineatur
1123 1185 1163 1236 die
1173 1203 1203 1238 ae
1215 1196 1289 1248 nocte,

167 1266 226 1330 pari
237 1263 318 1317 inedie
331 1265 380 1314 eius
392 1264 434 1328 qui
444 1264 529 1316 micat
548 1267 602 1341 Nec
613 1281 674 1316 vero
687 1269 761 1316 aliter
773 1269 867 1332 scripti.

209 1349 272 1412 [Iu]
299 1348 362 1399 Caro
379 1349 489 1413 palumbi
509 1351 533 1400 in
554 1360 620 1400 aceto
639 1351 746 1414 decocta]
772 1355 848 1403 Voss.
868 1352 995 1421 palumbis.
1021 1356 1055 1408 Ei
1072 1370 1146 1416 mex,
1169 1354 1290 1418 palumbis

166 1437 233 1495 serus
246 1450 341 1496 eposca
353 1431 466 1484 decoctus.
484 1435 519 1484 Et
530 1451 585 1499 sep.
597 1441 627 1486 15
639 1433 692 1497 [80‚
704 1434 763 1497 144]
777 1435 915 1485 circumlato
929 1436 1048 1500 palumbe.
1066 1439 1128 1503 Cep.
1140 1444 1154 1488 8
1167 1438 1220 1501 [21,
1230 1437 1288 1501 67]:

168 1519 193 1566 in
203 1517 347 1580 palumbium
361 1515 488 1564 ventriculo
500 1517 656 1566 inveniantur.
669 1518 732 1581 Cep.
744 1525 772 1569 11
789 1517 841 1581 [28,
851 1519 908 1582 94]:
921 1517 985 1568 Cinis
995 1519 1130 1583 palmarum
1145 1530 1188 1571 aui
1199 1522 1288 1571 intera-
1381 1588 1384 1593 Ι

168 1618 260 1652 reserum
272 1600 397 1667 palumbis.
1283 1644 1285 1648 .

202 1687 266 1738 Cer.
276 1685 351 1736 VIII.
365 1684 418 1746 [22‚
429 1684 473 1747 69]
490 1683 647 1735 Prouidentia
659 1686 709 1736 alvi
719 1704 804 1736 succus
815 1686 973 1751 cochlearum]
993 1689 1112 1753 Quinque
1123 1692 1211 1743 nosen:
1224 1691 1288 1740 Pro·

166 1769 269 1822 sidentia
280 1769 314 1818 e'bi
324 1785 405 1818 success
417 1769 572 1831 cochlearum,
585 1772 653 1833 quod
665 1779 690 1820 et
702 1774 788 1821 nescio
801 1788 851 1835 quo
864 1787 898 1821 ex
907 1775 956 1822 Me.
966 1776 998 1822 ad
1011 1776 1150 1837 marginem
1163 1783 1288 1829 notatum,

166 1858 206 1908 Ita
222 1857 321 1919 scripsit
335 1845 453 1904 Plinius!
467 1851 513 1909 Ibi,
530 1863 592 1916 pute
608 1856 635 1904 ln
652 1858 719 1915 sede,
737 1857 808 1904 cuins
826 1860 856 1906 de
873 1857 939 1905 vitiis
956 1872 1032 1919 egere
1049 1867 1174 1921 coeperet.
1201 1861 1235 1910 Et
1250 1861 1287 1909 sic

165 1943 254 2005 paullo
266 1948 325 2004 poet
338 1937 390 2001 [η
405 1936 460 1999 73]:
479 1938 557 1987 Tctris
573 1938 607 1988 ibi
620 1938 741 1989 ulceribus.
765 1940 827 2004 Cap.
842 1945 873 1989 le
887 1937 940 2001 [33,
955 1938 1028 2002 107]:
1047 1940 1079 1991 Si
1091 1943 1116 1990 in
1132 1941 1240 1992 verendis
1257 1944 1288 1992 eit

165 2025 308 2087 caeterisque
320 2022 354 2072 ibi
366 2021 490 2071 ulceribus.

200 2107 254 2170 [um
268 2106 310 2169 te]
333 2104 451 2157 Contritee
463 2122 492 2156 ee
504 2113 570 2157 aceto
582 2105 689 2155 malcinis
701 2105 763 2169 eius]
784 2107 827 2156 Ex
840 2117 888 2158 ven
901 2110 1027 2159 advocent
1038 2124 1127 2159 earum
1145 2109 1195 2162 Sed
1209 2112 1285 2161 Voss.

102 2193 150 2238 806
168 2191 279 2242 Goelleae
294 2206 386 2254 paruae
402 2188 467 2240 latae
478 2190 592 2240 contritae
603 2207 632 2238 es
648 2198 722 2251 aceto,
739 2199 842 2239 senectus
858 2191 971 2256 mpetum
988 2207 1017 2240 ex
1034 2200 1100 2242 aceto
1111 2193 1149 2242 vel
1159 2193 1218 2246 cinis
1228 2195 1285 2243 eius.

165 2277 207 2328 Sic
218 2277 306 2342 paullo
318 2276 433 2340 superius
447 2273 500 2338 [22
514 2274 569 2337 69]i
588 2275 670 2325 canini
686 2275 772 2339 cepitis
787 2275 854 2335 eines,
870 2284 964 2324 senecta
979 2276 1095 2340 serpentis
1111 2292 1140 2325 eu
1155 2286 1228 2329 aceto.
1251 2279 1286 2328 Ee

164 2363 267 2426 passim:
284 2359 396 2412 Goelleae
411 2359 514 2410 minutae
531 2359 596 2409 latae
611 2359 727 2408 contritae
742 2359 817 2409 illitae
835 2358 1100 2423 cep.13[tl‚121].
1127 2362 1245 2413 Invenies
1260 2372 1286 2411 et
1366 2421 1369 2427 .

163 2449 231 2512 epud
243 2447 397 2498 Pintienum.

198 2529 261 2594 [Ib.]
275 2528 385 2580 menuae
397 2526 481 2589 nudae,
495 2544 555 2590 quas
567 2527 592 2577 in
603 2526 694 2592 Africa
704 2527 773 2591 pipni
783 2526 896 2589 dicium,
910 2526 990 2590 tritae]
1001 2529 1077 2579 Voss.
1092 2527 1186 2578 triatae.
1204 2529 1284 2579 Num-

162 2617 223 2679 quid
234 2614 350 2663 etriatael
370 2613 421 2662 Sed
432 2613 515 2663 uerius
526 2619 632 2673 acereta,
644 2621 673 2661 nt
682 2626 735 2675 cep.
747 2617 762 2662 6
774 2609 827 2673 [15,
837 2609 894 2684 4β];
905 2611 1038 2660 Praeterea
1049 2627 1111 2675 quae
1121 2621 1233 2661 acoratae
1245 2629 1284 2663 uo·

162 2707 254 2749 cantur.
271 2699 314 2747 nbi
325 2698 402 2748 Voce.
415 2703 532 2746 eueratoe:
547 2697 591 2745 sed
603 2697 686 2760 primo
699 2693 725 2745 E
735 2711 811 2759 snpra
822 2697 942 2759 scriptum
955 2695 986 2744 A.
1006 2697 1135 2748 Monstrat
1145 2692 1283 2760 deciperet.

197 2783 263 2833 One.
275 2780 323 2831 XI.
341 2778 393 2842 [30,
408 2777 452 2840 98]
476 2777 602 2830 Pulverom
619 2778 644 2831 im
661 2795 706 2842 quo
722 2795 747 2829 ee
763 2779 876 2844 accipiter
887 2774 1038 2841 volutaverit]
1063 2781 1140 2830 Voss.
1156 2779 1283 2843 puluerem,

163 2867 205 2915 ubi
214 2882 239 2915 se
251 2864 364 2928 accipiter
375 2860 523 2914 volutaverit.
617 2909 619 2914 ,

198 2948 251 3012 [³0,
267 2948 326 3011 103]
351 2947 381 3000 Si
395 2949 533 3011 cuiusquam
550 2964 609 3002 cura
624 2947 743 3009 efficacior
754 2956 813 2999 esset
830 2945 1052 3021 adinquirendum]
1072 2948 1148 2999 chin.
1161 2948 1283 3011 innuerem

163 3036 215 3087 dee.
234 3037 309 3086 Voee.
321 3034 343 3083 si
353 3034 418 3082 ouius
429 3049 488 3087 cura
500 3033 620 3094 efficacior
631 3041 691 3082 esset
701 3030 861 3095 inquirendus.
878 3032 957 3095 Lege,
970 3031 1117 3094 inquirentis.

198 3120 250 3184 [30‚
264 3117 323 3181 104]
344 3117 403 3169 Tela
415 3135 465 3167 oum
478 3118 529 3181 ipso
540 3134 609 3181 specu
623 3125 668 3167 toto
680 3117 760 3168 resina
772 3131 872 3178 emaque
884 3114 1005 3188 imposita]
1024 3118 1106 3167 Aeed.
1119 3117 1188 3167 licum
1200 3127 1285 3167 uocant

162 3205 265 3255 delatum
278 3205 341 3268 ipsos
351 3202 420 3266 plone
433 3211 479 3250 toto
492 3202 567 3251 resine
582 3217 678 3263 aereque
689 3201 799 3264 inposita.
823 3201 889 3251 Gud.
907 3210 933 3250 et
948 3203 1052 3264 Menep.
1070 3200 1139 3250 licum
1155 3210 1240 3252 uocant
1255 3201 1284 3250 de

163 3290 216 3340 lacu
232 3292 294 3354 ipsos
309 3289 377 3352 piene
395 3296 441 3335 toto
456 3268 549 3337 resinae
567 3301 679 3348 ceraeque
696 3285 814 3348 imposita.
841 3285 976 3346 Integer.
990 3284 1059 3333 licum
1075 3293 1160 3362 uocant
1176 3283 1282 3336 delacum

161 3377 224 3440 ipsos
240 3375 307 3438 piene
324 3380 371 3422 toto
386 3371 462 3421 resine
478 3385 573 3431 uereque
590 3369 706 3431 iaeposita.
729 3370 866 3428 Annesion
885 3365 960 3429 lpum
977 3377 1061 3418 uocant
1074 3367 1121 3418 tela
1132 3385 1182 3419 cum
1195 3369 1246 3432 ipso
1258 3371 1283 3418 in

161 3459 287 3523 splenetoto
304 3455 379 3504 resine
394 3469 489 3516 aereque
506 3453 617 3515 inposita.
645 3453 743 3503 Scribe:
767 3451 877 3514 quoniam
898 3451 1006 3503 miserias
1022 3452 1092 3515 copia
1107 3452 1160 3516 spei
1175 3451 1282 3513 mussat,

161 3558 223 3592 aune
235 3542 326 3600 aranei,
338 3553 404 3602 quem
418 3536 483 3602 lycon
495 3538 589 3597 vocant‚'
599 3535 647 3584 tela
658 3553 709 3585 cum
721 3536 780 3599 ipso,
797 3536 822 3585 in
833 3533 922 3598 splenio
933 3535 1025 3586 ruinae
1036 3551 1156 3599 ueraeque,
1173 3536 1283 3600 imposita

160 3616 265 3689 utruque
279 3623 417 3688 temporibus
429 3630 452 3670 et
460 3609 543 3685 fronti
551 3620 635 3685 prosit.
653 3621 713 3680 Vel,
731 3620 756 3671 in
767 3618 857 3683 splenio
868 3635 919 3668 cum
931 3619 1014 3672 resina
1026 3635 1134 3682 emaque.
1155 3617 1211 3669 &m
1222 3619 1281 3683 ipso,

161 3727 251 3776 nempe
264 3725 366 3760 araneo,
388 3706 526 3770 Inspicite,
544 3714 572 3755 ut
584 3706 627 3754 lib.
641 3710 681 3764 29,
696 3709 710 3752 6
725 3702 777 3766 [38,
792 3701 864 3765 131];
882 3703 978 3752 Aranei
987 3703 1102 3752 muscarii
1112 3702 1166 3764 tela,
1178 3711 1201 3753 et
1209 3719 1282 3767 prae-

161 3799 227 3861 cipue
243 3795 354 3862 spelunca
370 3793 431 3856 ipsa,
449 3792 559 3854 imposita
572 3807 617 3853 per
625 3790 732 3853 frontem
750 3785 784 3839 ad
800 3787 846 3836 dua
863 3795 968 3851 tempora
985 3787 1009 3836 in
1026 3786 1116 3850 splenio
1133 3786 1221 3849 aliquo,
1234 3794 1281 3837 etc.

161 3878 300 3929 mirabiliter
315 3876 434 3941 epiphoris
450 3874 539 3924 mederi
550 3874 666 3923 dicuntur.
690 3874 731 3924 Sic
743 3874 809 3923 enIm
822 3873 856 3924 ibi
869 3871 1007 3923 chimisi
1020 3872 1169 3922 Vossianus.
1180 3872 1282 3933 Andeg.

162 3967 358 4025 omiserimus,
376 3971 461 4016 temen
478 3961 578 4022 egregie
595 3961 698 4009 firmans
714 3972 813 4029 venum:
831 3955 927 4004 Aranei
941 3955 1045 4006 muscari
1060 3953 1107 4003 telo
1123 3962 1146 4003 ct
1153 3953 1282 4020 praecipue

160 4047 271 4110 spelunca
287 4047 341 4109 ipsa
357 4045 467 4109 imposne
480 4043 639 4106 perfractum
656 4039 690 4089 od
706 4039 751 4090 duo
765 4048 870 4102 tempora
881 4039 906 4088 in
917 4038 994 4102 speleo
1006 4037 1101 4101 aquilo:
1118 4046 1141 4087 et
1154 4037 1283 4102 praecipue

161 4129 272 4193 spelunca
283 4130 337 4193 ipsa
350 4129 460 4194 imposita
468 4143 512 4191 per
522 4128 628 4189 frontem
641 4124 676 4175 ad
694 4123 739 4173 dieo
752 4132 857 4187 tempora
868 4125 893 4172 in
904 4122 981 4187 speleo
993 4121 1073 4185 aquile
1089 4121 1125 4175 ita
1136 4129 1162 4173 nl
1177 4138 1194 4175 a
1208 4138 1282 4186 puero

161 4223 206 4262 etc.
225 4215 298 4264 Unus
314 4229 359 4276 per
374 4227 485 4264 errorem
503 4214 609 4263 duorum
627 4210 740 4260 codicum
754 4211 809 4259 vice
821 4208 942 4270 fungitur.
961 4208 1064 4270 Menep.
1077 4221 1179 4270 quoqne
1190 4203 1225 4257 at
1235 4204 1283 4257 duo
