<?xml version="1.0" encoding="UTF-8"?>
<!DOCTYPE html PUBLIC "-//W3C//DTD XHTML 1.0 Transitional//EN"
    "http://www.w3.org/TR/xhtml1/DTD/xhtml1-transitional.dtd">
<html xmlns="http://www.w3.org/1999/xhtml" xml:lang="en" lang="en">
 <head>
  <title>
</title>
<meta http-equiv="Content-Type" content="text/html;charset=utf-8" />
  <meta name='ocr-system' content='tesseract 3.04.00' />
  <meta name='ocr-capabilities' content='ocr_page ocr_carea ocr_par ocr_line ocrx_word'/>
</head>
<body>
  <div class='ocr_page' id='page_1' title='image "./cplinisecundina14plingoog_0366.png"; bbox 0 0 2918 4794; ppageno 0'>
   <div class='ocr_carea' id='block_1_1' title="bbox 527 278 1288 346">
    <p class='ocr_par' dir='ltr' id='par_1_1' title="bbox 527 278 1288 346">
     <span class='ocr_line' id='line_1_1' title="bbox 527 278 1288 346; baseline -0.007 0"><span class='ocrx_word' id='word_1_1' title='bbox 527 304 632 346; x_wconf 75' lang='lat' dir='ltr'><strong>norae</strong></span> <span class='ocrx_word' id='word_1_2' title='bbox 648 303 691 344; x_wconf 82' lang='lat' dir='ltr'><strong>so</strong></span> <span class='ocrx_word' id='word_1_3' title='bbox 705 303 788 344; x_wconf 80' lang='lat' dir='ltr'><strong>tran.</strong></span> <span class='ocrx_word' id='word_1_4' title='bbox 804 302 923 342; x_wconf 85' lang='lat' dir='ltr'><strong>xxvrrr.</strong></span> <span class='ocrx_word' id='word_1_5' title='bbox 1248 278 1288 342; x_wconf 77' lang='lat' dir='ltr'><strong>bd</strong></span> 
     </span>
    </p>
   </div>
   <div class='ocr_carea' id='block_1_2' title="bbox 118 449 1348 4291">
    <p class='ocr_par' dir='ltr' id='par_1_2' title="bbox 166 449 1290 1358">
     <span class='ocr_line' id='line_1_2' title="bbox 167 449 1288 520; baseline -0.005 -15"><span class='ocrx_word' id='word_1_6' title='bbox 167 459 283 520; x_wconf 85' lang='lat' dir='ltr'><strong>agnoseit</strong></span> <span class='ocrx_word' id='word_1_7' title='bbox 295 457 359 505; x_wconf 91' lang='lat' dir='ltr'><strong>liber</strong></span> <span class='ocrx_word' id='word_1_8' title='bbox 370 451 542 516; x_wconf 88' lang='lat' dir='ltr'><strong>fidelissimus)</strong></span> <span class='ocrx_word' id='word_1_9' title='bbox 554 453 731 503; x_wconf 81' lang='lat' dir='ltr'><strong>saluberrimum</strong></span> <span class='ocrx_word' id='word_1_10' title='bbox 744 467 794 500; x_wconf 81' lang='lat' dir='ltr'><strong>esse</strong></span> <span class='ocrx_word' id='word_1_11' title='bbox 806 460 871 500; x_wconf 85' lang='lat' dir='ltr'><strong>certo</strong></span> <span class='ocrx_word' id='word_1_12' title='bbox 883 450 1114 514; x_wconf 73' lang='lat' dir='ltr'><strong>experimentorum.</strong></span> <span class='ocrx_word' id='word_1_13' title='bbox 1132 449 1188 498; x_wconf 87' lang='lat' dir='ltr'><strong>Lex</strong></span> <span class='ocrx_word' id='word_1_14' title='bbox 1201 451 1288 499; x_wconf 84' lang='lat' dir='ltr'><strong>eadem</strong></span> 
     </span>
     <span class='ocr_line' id='line_1_3' title="bbox 166 532 1290 603; baseline -0.008 -13"><span class='ocrx_word' id='word_1_15' title='bbox 166 556 231 603; x_wconf 89' lang='lat' dir='ltr'><strong>quae</strong></span> <span class='ocrx_word' id='word_1_16' title='bbox 243 540 311 591; x_wconf 82' lang='lat' dir='ltr'><strong>Celsi</strong></span> <span class='ocrx_word' id='word_1_17' title='bbox 324 538 435 589; x_wconf 85' lang='lat' dir='ltr'><strong>Cornelii</strong></span> <span class='ocrx_word' id='word_1_18' title='bbox 449 536 485 599; x_wconf 88' lang='lat' dir='ltr'><strong>[l.</strong></span> <span class='ocrx_word' id='word_1_19' title='bbox 497 554 522 602; x_wconf 89' lang='lat' dir='ltr'><strong>p.</strong></span> <span class='ocrx_word' id='word_1_20' title='bbox 537 544 577 588; x_wconf 86' lang='lat'><strong>19.</strong></span> <span class='ocrx_word' id='word_1_21' title='bbox 589 534 672 601; x_wconf 85' lang='lat' dir='ltr'><strong>Bip.]:</strong></span> <span class='ocrx_word' id='word_1_22' title='bbox 689 535 770 588; x_wconf 67' lang='lat' dir='ltr'><strong>&amp;nus</strong></span> <span class='ocrx_word' id='word_1_23' title='bbox 782 535 856 598; x_wconf 81' lang='lat' dir='ltr'><strong>bomo,</strong></span> <span class='ocrx_word' id='word_1_24' title='bbox 874 536 948 598; x_wconf 87' lang='lat' dir='ltr'><strong>quiet</strong></span> <span class='ocrx_word' id='word_1_25' title='bbox 959 537 1013 583; x_wconf 83' lang='lat' dir='ltr'><strong>bene</strong></span> <span class='ocrx_word' id='word_1_26' title='bbox 1024 532 1088 581; x_wconf 86' lang='lat' dir='ltr'><strong>valet</strong></span> <span class='ocrx_word' id='word_1_27' title='bbox 1099 540 1121 581; x_wconf 88' lang='lat' dir='ltr'><strong>et</strong></span> <span class='ocrx_word' id='word_1_28' title='bbox 1131 548 1189 581; x_wconf 80' lang='lat' dir='ltr'><strong>sune</strong></span> <span class='ocrx_word' id='word_1_29' title='bbox 1200 533 1290 596; x_wconf 65' lang='lat' dir='ltr'><strong>spontis</strong></span> 
     </span>
     <span class='ocr_line' id='line_1_4' title="bbox 167 617 1288 688; baseline -0.004 -15"><span class='ocrx_word' id='word_1_30' title='bbox 167 631 208 685; x_wconf 87' lang='lat' dir='ltr'><strong>est,</strong></span> <span class='ocrx_word' id='word_1_31' title='bbox 225 622 448 688; x_wconf 78' lang='lat' dir='ltr'><strong>nullisobliqorese</strong></span> <span class='ocrx_word' id='word_1_32' title='bbox 461 621 635 686; x_wconf 66' lang='lat' dir='ltr'><strong>bysentelm,</strong></span> <span class='ocrx_word' id='word_1_33' title='bbox 652 637 682 669; x_wconf 86' lang='lat' dir='ltr'><strong>oc</strong></span> <span class='ocrx_word' id='word_1_34' title='bbox 698 636 771 683; x_wconf 84' lang='lat' dir='ltr'><strong>neque</strong></span> <span class='ocrx_word' id='word_1_35' title='bbox 787 619 875 669; x_wconf 73' lang='lat' dir='ltr'><strong>medico</strong></span> <span class='ocrx_word' id='word_1_36' title='bbox 892 635 964 682; x_wconf 85' lang='lat' dir='ltr'><strong>neque</strong></span> <span class='ocrx_word' id='word_1_37' title='bbox 980 617 1108 681; x_wconf 85' lang='lat' dir='ltr'><strong>iatralipta</strong></span> <span class='ocrx_word' id='word_1_38' title='bbox 1126 633 1200 682; x_wconf 78' lang='lat' dir='ltr'><strong>apere.</strong></span> <span class='ocrx_word' id='word_1_39' title='bbox 1218 619 1288 675; x_wconf 84' lang='lat' dir='ltr'><strong>Vox,</strong></span> 
     </span>
     <span class='ocr_line' id='line_1_5' title="bbox 167 705 1289 770; baseline -0.007 -14"><span class='ocrx_word' id='word_1_40' title='bbox 167 709 248 769; x_wconf 88' lang='lat' dir='ltr'><strong>qualis</strong></span> <span class='ocrx_word' id='word_1_41' title='bbox 265 708 378 757; x_wconf 86' lang='lat' dir='ltr'><strong>Suetonii</strong></span> <span class='ocrx_word' id='word_1_42' title='bbox 395 707 515 770; x_wconf 82' lang='lat' dir='ltr'><strong>Augusto</strong></span> <span class='ocrx_word' id='word_1_43' title='bbox 535 710 578 757; x_wconf 84' lang='lat' dir='ltr'><strong>tt:</strong></span> <span class='ocrx_word' id='word_1_44' title='bbox 597 705 786 767; x_wconf 83' lang='lat' dir='ltr'><strong>Vescebaturque</strong></span> <span class='ocrx_word' id='word_1_45' title='bbox 802 711 825 752; x_wconf 90' lang='lat' dir='ltr'><strong>et</strong></span> <span class='ocrx_word' id='word_1_46' title='bbox 840 711 894 752; x_wconf 84' lang='lat' dir='ltr'><strong>onte</strong></span> <span class='ocrx_word' id='word_1_47' title='bbox 910 718 1013 763; x_wconf 83' lang='lat' dir='ltr'><strong>coenam,</strong></span> <span class='ocrx_word' id='word_1_48' title='bbox 1030 717 1172 764; x_wconf 87' lang='lat' dir='ltr'><strong>quocumque</strong></span> <span class='ocrx_word' id='word_1_49' title='bbox 1190 709 1289 764; x_wconf 85' lang='lat' dir='ltr'><strong>ternpore</strong></span> 
     </span>
     <span class='ocr_line' id='line_1_6' title="bbox 167 784 1289 850; baseline -0.004 -13"><span class='ocrx_word' id='word_1_50' title='bbox 167 798 191 838; x_wconf 88' lang='lat' dir='ltr'><strong>et</strong></span> <span class='ocrx_word' id='word_1_51' title='bbox 206 789 255 838; x_wconf 88' lang='lat' dir='ltr'><strong>loco</strong></span> <span class='ocrx_word' id='word_1_52' title='bbox 269 790 402 839; x_wconf 74' lang='lat' dir='ltr'><strong><em>stomachus</em></strong></span> <span class='ocrx_word' id='word_1_53' title='bbox 414 788 578 839; x_wconf 85' lang='lat' dir='ltr'><strong>desiderasset.</strong></span> <span class='ocrx_word' id='word_1_54' title='bbox 596 788 638 837; x_wconf 79' lang='lat' dir='ltr'><strong>Eo:</strong></span> <span class='ocrx_word' id='word_1_55' title='bbox 654 787 699 837; x_wconf 83' lang='lat' dir='ltr'><strong>ltoc</strong></span> <span class='ocrx_word' id='word_1_56' title='bbox 715 788 890 837; x_wconf 81' lang='lat' dir='ltr'><strong>inobservantia</strong></span> <span class='ocrx_word' id='word_1_57' title='bbox 906 803 1070 850; x_wconf 78' lang='lat' dir='ltr'><strong><em>nonnunquam</em></strong></span> <span class='ocrx_word' id='word_1_58' title='bbox 1087 784 1124 834; x_wconf 88' lang='lat' dir='ltr'><strong>uel</strong></span> <span class='ocrx_word' id='word_1_59' title='bbox 1139 793 1194 834; x_wconf 86' lang='lat' dir='ltr'><strong>onte</strong></span> <span class='ocrx_word' id='word_1_60' title='bbox 1206 784 1289 833; x_wconf 87' lang='lat' dir='ltr'><strong>initum</strong></span> 
     </span>
     <span class='ocr_line' id='line_1_7' title="bbox 167 869 1289 937; baseline -0.004 -16"><span class='ocrx_word' id='word_1_61' title='bbox 167 873 204 922; x_wconf 88' lang='lat' dir='ltr'><strong>uel</strong></span> <span class='ocrx_word' id='word_1_62' title='bbox 217 883 271 937; x_wconf 86' lang='lat' dir='ltr'><strong>post</strong></span> <span class='ocrx_word' id='word_1_63' title='bbox 288 875 407 924; x_wconf 88' lang='lat' dir='ltr'><strong>dimissum</strong></span> <span class='ocrx_word' id='word_1_64' title='bbox 424 873 554 923; x_wconf 84' lang='lat' dir='ltr'><strong>conuiuium</strong></span> <span class='ocrx_word' id='word_1_65' title='bbox 570 873 633 923; x_wconf 89' lang='lat' dir='ltr'><strong>solus</strong></span> <span class='ocrx_word' id='word_1_66' title='bbox 650 873 789 934; x_wconf 82' lang='lat' dir='ltr'><strong>coenitnbnt,</strong></span> <span class='ocrx_word' id='word_1_67' title='bbox 806 889 877 935; x_wconf 90' lang='lat' dir='ltr'><strong>quum</strong></span> <span class='ocrx_word' id='word_1_68' title='bbox 890 871 961 935; x_wconf 90' lang='lat' dir='ltr'><strong>pleno</strong></span> <span class='ocrx_word' id='word_1_69' title='bbox 977 871 1083 920; x_wconf 85' lang='lat' dir='ltr'><strong>conuiuio</strong></span> <span class='ocrx_word' id='word_1_70' title='bbox 1099 869 1161 918; x_wconf 75' lang='lat' dir='ltr'><strong>uitii</strong></span> <span class='ocrx_word' id='word_1_71' title='bbox 1176 877 1289 933; x_wconf 76' lang='lat' dir='ltr'><strong>temperet.</strong></span> 
     </span>
     <span class='ocr_line' id='line_1_8' title="bbox 167 954 1288 1022; baseline -0.007 -13"><span class='ocrx_word' id='word_1_72' title='bbox 167 959 218 1009; x_wconf 85' lang='lat' dir='ltr'><strong>Sed</strong></span> <span class='ocrx_word' id='word_1_73' title='bbox 230 959 365 1009; x_wconf 77' lang='lat' dir='ltr'><strong><em>Suetonius</em></strong></span> <span class='ocrx_word' id='word_1_74' title='bbox 382 960 496 1022; x_wconf 90' lang='lat' dir='ltr'><strong>loquitur</strong></span> <span class='ocrx_word' id='word_1_75' title='bbox 512 961 543 1008; x_wconf 90' lang='lat' dir='ltr'><strong>de</strong></span> <span class='ocrx_word' id='word_1_76' title='bbox 554 958 677 1022; x_wconf 89' lang='lat' dir='ltr'><strong>permissa</strong></span> <span class='ocrx_word' id='word_1_77' title='bbox 690 959 737 1008; x_wconf 89' lang='lat' dir='ltr'><strong>sibi</strong></span> <span class='ocrx_word' id='word_1_78' title='bbox 750 958 838 1008; x_wconf 87' lang='lat' dir='ltr'><strong>abillo</strong></span> <span class='ocrx_word' id='word_1_79' title='bbox 855 957 968 1021; x_wconf 81' lang='lat' dir='ltr'><strong>principe</strong></span> <span class='ocrx_word' id='word_1_80' title='bbox 983 955 1088 1005; x_wconf 81' lang='lat' dir='ltr'><strong>licentis</strong></span> <span class='ocrx_word' id='word_1_81' title='bbox 1104 954 1288 1010; x_wconf 88' lang='lat' dir='ltr'><strong>tantummodo,</strong></span> 
     </span>
     <span class='ocr_line' id='line_1_9' title="bbox 167 1038 1289 1107; baseline -0.006 -16"><span class='ocrx_word' id='word_1_82' title='bbox 167 1045 236 1105; x_wconf 88' lang='lat' dir='ltr'><strong>quod</strong></span> <span class='ocrx_word' id='word_1_83' title='bbox 248 1045 280 1092; x_wconf 90' lang='lat' dir='ltr'><strong>ad</strong></span> <span class='ocrx_word' id='word_1_84' title='bbox 293 1051 392 1107; x_wconf 90' lang='lat' dir='ltr'><strong>tempus</strong></span> <span class='ocrx_word' id='word_1_85' title='bbox 404 1044 453 1092; x_wconf 92' lang='lat' dir='ltr'><strong>eibi</strong></span> <span class='ocrx_word' id='word_1_86' title='bbox 466 1044 591 1103; x_wconf 89' lang='lat' dir='ltr'><strong>sumendi,</strong></span> <span class='ocrx_word' id='word_1_87' title='bbox 609 1050 635 1092; x_wconf 90' lang='lat' dir='ltr'><strong>et</strong></span> <span class='ocrx_word' id='word_1_88' title='bbox 646 1049 759 1091; x_wconf 87' lang='lat' dir='ltr'><strong>ventrem</strong></span> <span class='ocrx_word' id='word_1_89' title='bbox 771 1043 794 1090; x_wconf 90' lang='lat' dir='ltr'><strong>ei</strong></span> <span class='ocrx_word' id='word_1_90' title='bbox 806 1041 883 1091; x_wconf 82' lang='lat' dir='ltr'><strong>luisse</strong></span> <span class='ocrx_word' id='word_1_91' title='bbox 900 1041 1029 1101; x_wconf 87' lang='lat' dir='ltr'><strong>solarium,</strong></span> <span class='ocrx_word' id='word_1_92' title='bbox 1047 1038 1210 1102; x_wconf 88' lang='lat' dir='ltr'><strong>ut.parasitus</strong></span> <span class='ocrx_word' id='word_1_93' title='bbox 1222 1038 1289 1100; x_wconf 89' lang='lat' dir='ltr'><strong>apud</strong></span> 
     </span>
     <span class='ocr_line' id='line_1_10' title="bbox 166 1125 1290 1197; baseline -0.007 -21"><span class='ocrx_word' id='word_1_94' title='bbox 166 1128 286 1176; x_wconf 91' lang='lat' dir='ltr'><strong>Plautum</strong></span> <span class='ocrx_word' id='word_1_95' title='bbox 307 1135 332 1177; x_wconf 90' lang='lat' dir='ltr'><strong>et</strong></span> <span class='ocrx_word' id='word_1_96' title='bbox 349 1128 380 1176; x_wconf 91' lang='lat' dir='ltr'><strong>de</strong></span> <span class='ocrx_word' id='word_1_97' title='bbox 398 1127 483 1176; x_wconf 90' lang='lat' dir='ltr'><strong>Persis</strong></span> <span class='ocrx_word' id='word_1_98' title='bbox 500 1128 654 1197; x_wconf 74' lang='lat' dir='ltr'><strong>Ammianus</strong></span> <span class='ocrx_word' id='word_1_99' title='bbox 671 1127 794 1176; x_wconf 89' lang='lat' dir='ltr'><strong>iocantur.</strong></span> <span class='ocrx_word' id='word_1_100' title='bbox 820 1127 903 1176; x_wconf 84' lang='lat' dir='ltr'><strong>Nimis</strong></span> <span class='ocrx_word' id='word_1_101' title='bbox 925 1127 991 1176; x_wconf 88' lang='lat' dir='ltr'><strong>euim</strong></span> <span class='ocrx_word' id='word_1_102' title='bbox 1014 1127 1073 1175; x_wconf 83' lang='lat' dir='ltr'><strong>laxe</strong></span> <span class='ocrx_word' id='word_1_103' title='bbox 1093 1125 1290 1186; x_wconf 72' lang='lat' dir='ltr'><strong>interpretantur</strong></span> 
     </span>
     <span class='ocr_line' id='line_1_11' title="bbox 166 1207 1289 1271; baseline -0.001 -14"><span class='ocrx_word' id='word_1_104' title='bbox 166 1211 355 1260; x_wconf 85' lang='lat' dir='ltr'><strong>indifferentem</strong></span> <span class='ocrx_word' id='word_1_105' title='bbox 367 1212 433 1259; x_wconf 86' lang='lat' dir='ltr'><strong>eirea</strong></span> <span class='ocrx_word' id='word_1_106' title='bbox 444 1212 568 1260; x_wconf 90' lang='lat' dir='ltr'><strong>rationem</strong></span> <span class='ocrx_word' id='word_1_107' title='bbox 581 1210 661 1260; x_wconf 86' lang='lat' dir='ltr'><strong>vietus</strong></span> <span class='ocrx_word' id='word_1_108' title='bbox 674 1211 967 1271; x_wconf 77' lang='lat' dir='ltr'><strong>animum,‘eoutrarium</strong></span> <span class='ocrx_word' id='word_1_109' title='bbox 984 1208 1126 1258; x_wconf 84' lang='lat' dir='ltr'><strong>morositati</strong></span> <span class='ocrx_word' id='word_1_110' title='bbox 1143 1208 1216 1257; x_wconf 91' lang='lat' dir='ltr'><strong>certis</strong></span> <span class='ocrx_word' id='word_1_111' title='bbox 1228 1207 1289 1267; x_wconf 80' lang='lat' dir='ltr'><strong>legi-</strong></span> 
     </span>
     <span class='ocr_line' id='line_1_12' title="bbox 166 1294 1097 1358; baseline -0.003 -13"><span class='ocrx_word' id='word_1_112' title='bbox 166 1296 214 1345; x_wconf 86' lang='lat' dir='ltr'><strong><em>bus</em></strong></span> <span class='ocrx_word' id='word_1_113' title='bbox 226 1296 368 1345; x_wconf 88' lang='lat' dir='ltr'><strong>adstrietae.</strong></span> <span class='ocrx_word' id='word_1_114' title='bbox 385 1295 465 1345; x_wconf 87' lang='lat' dir='ltr'><strong>Plinii</strong></span> <span class='ocrx_word' id='word_1_115' title='bbox 476 1303 589 1345; x_wconf 85' lang='lat' dir='ltr'><strong>mentem</strong></span> <span class='ocrx_word' id='word_1_116' title='bbox 601 1301 669 1344; x_wconf 88' lang='lat' dir='ltr'><strong>reete</strong></span> <span class='ocrx_word' id='word_1_117' title='bbox 682 1295 748 1358; x_wconf 90' lang='lat' dir='ltr'><strong>cepit</strong></span> <span class='ocrx_word' id='word_1_118' title='bbox 760 1301 785 1344; x_wconf 92' lang='lat' dir='ltr'><strong>et</strong></span> <span class='ocrx_word' id='word_1_119' title='bbox 796 1295 950 1344; x_wconf 76' lang='lat' dir='ltr'><strong><em>Hermolaus</em></strong></span> <span class='ocrx_word' id='word_1_120' title='bbox 961 1294 1097 1343; x_wconf 87' lang='lat' dir='ltr'><strong>Barbarus.</strong></span> 
     </span>
    </p>

    <p class='ocr_par' dir='ltr' id='par_1_3' title="bbox 166 1375 1290 3016">
     <span class='ocr_line' id='line_1_13' title="bbox 202 1375 1290 1441; baseline -0.004 -13"><span class='ocrx_word' id='word_1_121' title='bbox 202 1375 290 1441; x_wconf 74' lang='lat' dir='ltr'><strong>[min]</strong></span> <span class='ocrx_word' id='word_1_122' title='bbox 314 1376 448 1440; x_wconf 71' lang='lat' dir='ltr'><strong>(sitimque</strong></span> <span class='ocrx_word' id='word_1_123' title='bbox 461 1378 552 1441; x_wconf 90' lang='lat' dir='ltr'><strong>probro</strong></span> <span class='ocrx_word' id='word_1_124' title='bbox 568 1393 652 1426; x_wconf 85' lang='lat' dir='ltr'><strong>monus</strong></span> <span class='ocrx_word' id='word_1_125' title='bbox 669 1378 695 1426; x_wconf 86' lang='lat' dir='ltr'><strong>in</strong></span> <span class='ocrx_word' id='word_1_126' title='bbox 711 1377 770 1426; x_wconf 83' lang='lat' dir='ltr'><strong>cibis</strong></span> <span class='ocrx_word' id='word_1_127' title='bbox 788 1376 927 1441; x_wconf 82' lang='lat' dir='ltr'><strong>triumpltoli</strong></span> <span class='ocrx_word' id='word_1_128' title='bbox 940 1377 992 1425; x_wconf 87' lang='lat' dir='ltr'><strong>seni</strong></span> <span class='ocrx_word' id='word_1_129' title='bbox 1007 1375 1177 1438; x_wconf 82' lang='lat' dir='ltr'><strong><em>deducebatur]</em></strong></span> <span class='ocrx_word' id='word_1_130' title='bbox 1201 1376 1290 1425; x_wconf 87' lang='lat' dir='ltr'><strong>Hoea</strong></span> 
     </span>
     <span class='ocr_line' id='line_1_14' title="bbox 166 1458 1290 1525; baseline -0.004 -13"><span class='ocrx_word' id='word_1_131' title='bbox 166 1463 282 1522; x_wconf 87' lang='lat' dir='ltr'><strong>Gelenio‚</strong></span> <span class='ocrx_word' id='word_1_132' title='bbox 301 1477 379 1525; x_wconf 90' lang='lat' dir='ltr'><strong>quum</strong></span> <span class='ocrx_word' id='word_1_133' title='bbox 392 1470 465 1522; x_wconf 87' lang='lat' dir='ltr'><strong>esset,</strong></span> <span class='ocrx_word' id='word_1_134' title='bbox 483 1461 560 1510; x_wconf 83' lang='lat' dir='ltr'><strong>maius</strong></span> <span class='ocrx_word' id='word_1_135' title='bbox 571 1460 596 1510; x_wconf 89' lang='lat' dir='ltr'><strong>in</strong></span> <span class='ocrx_word' id='word_1_136' title='bbox 607 1460 667 1510; x_wconf 85' lang='lat' dir='ltr'><strong>cibis</strong></span> <span class='ocrx_word' id='word_1_137' title='bbox 678 1459 859 1524; x_wconf 77' lang='lat' dir='ltr'><strong>triumplialibus</strong></span> <span class='ocrx_word' id='word_1_138' title='bbox 875 1459 966 1509; x_wconf 68' lang='lat' dir='ltr'><strong>sedena</strong></span> <span class='ocrx_word' id='word_1_139' title='bbox 978 1459 1107 1522; x_wconf 80' lang='lat' dir='ltr'><strong>dicebatur,</strong></span> <span class='ocrx_word' id='word_1_140' title='bbox 1124 1468 1168 1510; x_wconf 92' lang='lat' dir='ltr'><strong>aut</strong></span> <span class='ocrx_word' id='word_1_141' title='bbox 1185 1460 1209 1507; x_wconf 88' lang='lat' dir='ltr'><strong>in</strong></span> <span class='ocrx_word' id='word_1_142' title='bbox 1225 1458 1290 1508; x_wconf 72' lang='lat' dir='ltr'><strong>cisiis</strong></span> 
     </span>
     <span class='ocr_line' id='line_1_15' title="bbox 167 1543 1290 1610; baseline -0.002 -16"><span class='ocrx_word' id='word_1_143' title='bbox 167 1544 353 1609; x_wconf 73' lang='lat' dir='ltr'><strong>triumphalibus,</strong></span> <span class='ocrx_word' id='word_1_144' title='bbox 370 1549 440 1610; x_wconf 88' lang='lat' dir='ltr'><strong>quod</strong></span> <span class='ocrx_word' id='word_1_145' title='bbox 452 1560 485 1596; x_wconf 86' lang='lat' dir='ltr'><strong>ex</strong></span> <span class='ocrx_word' id='word_1_146' title='bbox 497 1547 646 1607; x_wconf 80' lang='lat' dir='ltr'><strong><em>Hermolao,</em></strong></span> <span class='ocrx_word' id='word_1_147' title='bbox 663 1546 690 1595; x_wconf 91' lang='lat' dir='ltr'><strong>ni</strong></span> <span class='ocrx_word' id='word_1_148' title='bbox 702 1545 787 1606; x_wconf 82' lang='lat' dir='ltr'><strong>fallor,</strong></span> <span class='ocrx_word' id='word_1_149' title='bbox 803 1546 942 1596; x_wconf 89' lang='lat' dir='ltr'><strong>admissum</strong></span> <span class='ocrx_word' id='word_1_150' title='bbox 955 1554 1001 1595; x_wconf 85' lang='lat' dir='ltr'><strong>est.</strong></span> <span class='ocrx_word' id='word_1_151' title='bbox 1022 1545 1135 1595; x_wconf 84' lang='lat' dir='ltr'><strong>Pintinni</strong></span> <span class='ocrx_word' id='word_1_152' title='bbox 1147 1545 1217 1605; x_wconf 90' lang='lat' dir='ltr'><strong>liber,</strong></span> <span class='ocrx_word' id='word_1_153' title='bbox 1235 1543 1290 1593; x_wconf 84' lang='lat' dir='ltr'><strong>ulti-</strong></span> 
     </span>
     <span class='ocr_line' id='line_1_16' title="bbox 166 1628 1290 1693; baseline 0.002 -17"><span class='ocrx_word' id='word_1_154' title='bbox 166 1645 246 1691; x_wconf 85' lang='lat' dir='ltr'><strong>moque</strong></span> <span class='ocrx_word' id='word_1_155' title='bbox 259 1630 373 1692; x_wconf 85' lang='lat' dir='ltr'><strong>probrum</strong></span> <span class='ocrx_word' id='word_1_156' title='bbox 389 1646 473 1679; x_wconf 84' lang='lat' dir='ltr'><strong>munus</strong></span> <span class='ocrx_word' id='word_1_157' title='bbox 490 1629 516 1678; x_wconf 89' lang='lat' dir='ltr'><strong>in</strong></span> <span class='ocrx_word' id='word_1_158' title='bbox 532 1629 597 1679; x_wconf 79' lang='lat' dir='ltr'><strong>cibis</strong></span> <span class='ocrx_word' id='word_1_159' title='bbox 617 1628 757 1693; x_wconf 76' lang='lat' dir='ltr'><strong>triumphali</strong></span> <span class='ocrx_word' id='word_1_160' title='bbox 771 1628 825 1678; x_wconf 85' lang='lat' dir='ltr'><strong>seda</strong></span> <span class='ocrx_word' id='word_1_161' title='bbox 841 1630 956 1679; x_wconf 83' lang='lat' dir='ltr'><strong>utebatur.</strong></span> <span class='ocrx_word' id='word_1_162' title='bbox 982 1630 1090 1680; x_wconf 83' lang='lat' dir='ltr'><strong><em>Sensum</em></strong></span> <span class='ocrx_word' id='word_1_163' title='bbox 1105 1629 1194 1693; x_wconf 91' lang='lat' dir='ltr'><strong>proenl</strong></span> <span class='ocrx_word' id='word_1_164' title='bbox 1213 1629 1290 1678; x_wconf 90' lang='lat' dir='ltr'><strong>dnbio</strong></span> 
     </span>
     <span class='ocr_line' id='line_1_17' title="bbox 166 1711 1290 1778; baseline -0.003 -15"><span class='ocrx_word' id='word_1_165' title='bbox 166 1714 331 1777; x_wconf 83' lang='lat' dir='ltr'><strong>deprehendit</strong></span> <span class='ocrx_word' id='word_1_166' title='bbox 348 1714 476 1764; x_wconf 86' lang='lat' dir='ltr'><strong>Gelenius.</strong></span> <span class='ocrx_word' id='word_1_167' title='bbox 504 1713 555 1765; x_wconf 87' lang='lat' dir='ltr'><strong>Sed</strong></span> <span class='ocrx_word' id='word_1_168' title='bbox 572 1714 715 1765; x_wconf 80' lang='lat' dir='ltr'><strong><em>Vossianus</em></strong></span> <span class='ocrx_word' id='word_1_169' title='bbox 731 1714 867 1778; x_wconf 86' lang='lat' dir='ltr'><strong>praecipit:</strong></span> <span class='ocrx_word' id='word_1_170' title='bbox 889 1711 1016 1776; x_wconf 87' lang='lat' dir='ltr'><strong>ultimoque</strong></span> <span class='ocrx_word' id='word_1_171' title='bbox 1029 1715 1117 1776; x_wconf 88' lang='lat' dir='ltr'><strong>probro</strong></span> <span class='ocrx_word' id='word_1_172' title='bbox 1132 1729 1216 1761; x_wconf 85' lang='lat' dir='ltr'><strong>manus</strong></span> <span class='ocrx_word' id='word_1_173' title='bbox 1233 1713 1290 1761; x_wconf 84' lang='lat' dir='ltr'><strong>orbis</strong></span> 
     </span>
     <span class='ocr_line' id='line_1_18' title="bbox 167 1795 1289 1861; baseline 0.001 -17"><span class='ocrx_word' id='word_1_174' title='bbox 167 1797 306 1861; x_wconf 76' lang='lat' dir='ltr'><strong>triumphali</strong></span> <span class='ocrx_word' id='word_1_175' title='bbox 315 1797 367 1846; x_wconf 82' lang='lat' dir='ltr'><strong>serti</strong></span> <span class='ocrx_word' id='word_1_176' title='bbox 377 1795 538 1846; x_wconf 79' lang='lat' dir='ltr'><strong>deit&#39;ciabatur.</strong></span> <span class='ocrx_word' id='word_1_177' title='bbox 555 1800 603 1848; x_wconf 84' lang='lat' dir='ltr'><strong>Est</strong></span> <span class='ocrx_word' id='word_1_178' title='bbox 614 1799 648 1847; x_wconf 87' lang='lat' dir='ltr'><strong>ibi</strong></span> <span class='ocrx_word' id='word_1_179' title='bbox 660 1799 763 1860; x_wconf 86' lang='lat' dir='ltr'><strong>quidem</strong></span> <span class='ocrx_word' id='word_1_180' title='bbox 776 1797 853 1846; x_wconf 85' lang='lat' dir='ltr'><strong>etiam</strong></span> <span class='ocrx_word' id='word_1_181' title='bbox 866 1796 980 1860; x_wconf 83' lang='lat' dir='ltr'><strong>probrum</strong></span> <span class='ocrx_word' id='word_1_182' title='bbox 993 1805 1018 1845; x_wconf 90' lang='lat' dir='ltr'><strong>et</strong></span> <span class='ocrx_word' id='word_1_183' title='bbox 1030 1795 1184 1845; x_wconf 69' lang='lat' dir='ltr'><strong>dematmm:</strong></span> <span class='ocrx_word' id='word_1_184' title='bbox 1202 1811 1289 1845; x_wconf 82' lang='lat' dir='ltr'><strong>verum</strong></span> 
     </span>
     <span class='ocr_line' id='line_1_19' title="bbox 166 1880 1289 1944; baseline 0 -14"><span class='ocrx_word' id='word_1_185' title='bbox 166 1882 208 1930; x_wconf 92' lang='lat' dir='ltr'><strong>hie</strong></span> <span class='ocrx_word' id='word_1_186' title='bbox 223 1882 356 1932; x_wconf 88' lang='lat' dir='ltr'><strong>Hermolai</strong></span> <span class='ocrx_word' id='word_1_187' title='bbox 375 1883 468 1944; x_wconf 80' lang='lat' dir='ltr'><strong>digitus</strong></span> <span class='ocrx_word' id='word_1_188' title='bbox 484 1885 516 1932; x_wconf 81' lang='lat' dir='ltr'><strong>nd</strong></span> <span class='ocrx_word' id='word_1_189' title='bbox 538 1883 595 1932; x_wconf 88' lang='lat' dir='ltr'><strong>ista.</strong></span> <span class='ocrx_word' id='word_1_190' title='bbox 621 1881 693 1931; x_wconf 92' lang='lat' dir='ltr'><strong>Idem</strong></span> <span class='ocrx_word' id='word_1_191' title='bbox 711 1880 864 1931; x_wconf 82' lang='lat' dir='ltr'><strong>Chifletiana</strong></span> <span class='ocrx_word' id='word_1_192' title='bbox 885 1881 1035 1931; x_wconf 90' lang='lat' dir='ltr'><strong>membrana</strong></span> <span class='ocrx_word' id='word_1_193' title='bbox 1057 1881 1189 1942; x_wconf 84' lang='lat' dir='ltr'><strong>siguificat.</strong></span> <span class='ocrx_word' id='word_1_194' title='bbox 1217 1880 1289 1930; x_wconf 87' lang='lat' dir='ltr'><strong>Idem</strong></span> 
     </span>
     <span class='ocr_line' id='line_1_20' title="bbox 166 1962 1290 2029; baseline -0.003 -16"><span class='ocrx_word' id='word_1_195' title='bbox 166 1964 242 2016; x_wconf 75' lang='lat' dir='ltr'><strong>Voss.</strong></span> <span class='ocrx_word' id='word_1_196' title='bbox 260 1967 310 2014; x_wconf 89' lang='lat' dir='ltr'><strong>duo</strong></span> <span class='ocrx_word' id='word_1_197' title='bbox 328 1966 380 2026; x_wconf 84' lang='lat' dir='ltr'><strong>ulii,</strong></span> <span class='ocrx_word' id='word_1_198' title='bbox 396 1966 478 2016; x_wconf 87' lang='lat' dir='ltr'><strong>Aead.</strong></span> <span class='ocrx_word' id='word_1_199' title='bbox 492 1973 517 2015; x_wconf 87' lang='lat' dir='ltr'><strong>et</strong></span> <span class='ocrx_word' id='word_1_200' title='bbox 529 1966 604 2026; x_wconf 68' lang='lat' dir='ltr'><strong>(iud,</strong></span> <span class='ocrx_word' id='word_1_201' title='bbox 622 1967 665 2029; x_wconf 91' lang='lat' dir='ltr'><strong>qui</strong></span> <span class='ocrx_word' id='word_1_202' title='bbox 681 1963 807 2027; x_wconf 85' lang='lat' dir='ltr'><strong>ultimoque</strong></span> <span class='ocrx_word' id='word_1_203' title='bbox 821 1965 909 2027; x_wconf 90' lang='lat' dir='ltr'><strong>probro</strong></span> <span class='ocrx_word' id='word_1_204' title='bbox 927 1980 1010 2012; x_wconf 86' lang='lat' dir='ltr'><strong>manus</strong></span> <span class='ocrx_word' id='word_1_205' title='bbox 1027 1964 1051 2012; x_wconf 86' lang='lat' dir='ltr'><strong>iu</strong></span> <span class='ocrx_word' id='word_1_206' title='bbox 1067 1963 1124 2012; x_wconf 82' lang='lat' dir='ltr'><strong>cibis</strong></span> <span class='ocrx_word' id='word_1_207' title='bbox 1141 1962 1290 2026; x_wconf 70' lang='lat' dir='ltr'><strong>triumphalis</strong></span> 
     </span>
     <span class='ocr_line' id='line_1_21' title="bbox 166 2047 1289 2109; baseline 0 -14"><span class='ocrx_word' id='word_1_208' title='bbox 166 2048 225 2096; x_wconf 85' lang='lat' dir='ltr'><strong>cuim</strong></span> <span class='ocrx_word' id='word_1_209' title='bbox 242 2047 407 2100; x_wconf 85' lang='lat' dir='ltr'><strong>deidicebetur.</strong></span> <span class='ocrx_word' id='word_1_210' title='bbox 429 2048 549 2100; x_wconf 62' lang='lat' dir='ltr'><strong>holanda</strong></span> <span class='ocrx_word' id='word_1_211' title='bbox 566 2066 591 2098; x_wconf 88' lang='lat' dir='ltr'><strong>re</strong></span> <span class='ocrx_word' id='word_1_212' title='bbox 607 2065 706 2100; x_wconf 88' lang='lat' dir='ltr'><strong>omnes:</strong></span> <span class='ocrx_word' id='word_1_213' title='bbox 723 2051 790 2099; x_wconf 90' lang='lat' dir='ltr'><strong>male</strong></span> <span class='ocrx_word' id='word_1_214' title='bbox 802 2050 934 2099; x_wconf 88' lang='lat' dir='ltr'><strong>Pintianus</strong></span> <span class='ocrx_word' id='word_1_215' title='bbox 951 2065 997 2109; x_wconf 89' lang='lat' dir='ltr'><strong>res,</strong></span> <span class='ocrx_word' id='word_1_216' title='bbox 1014 2047 1242 2107; x_wconf 91' lang='lat' dir='ltr'><strong>immemorillius,</strong></span> <span class='ocrx_word' id='word_1_217' title='bbox 1259 2049 1289 2096; x_wconf 91' lang='lat' dir='ltr'><strong>de</strong></span> 
     </span>
     <span class='ocr_line' id='line_1_22' title="bbox 166 2131 1290 2198; baseline -0.003 -17"><span class='ocrx_word' id='word_1_218' title='bbox 166 2148 216 2197; x_wconf 92' lang='lat' dir='ltr'><strong>quo</strong></span> <span class='ocrx_word' id='word_1_219' title='bbox 232 2148 309 2197; x_wconf 87' lang='lat' dir='ltr'><strong>supra</strong></span> <span class='ocrx_word' id='word_1_220' title='bbox 326 2140 371 2195; x_wconf 79' lang='lat'><strong>22,</strong></span> <span class='ocrx_word' id='word_1_221' title='bbox 386 2139 398 2184; x_wconf 87' lang='grc'><strong>7</strong></span> <span class='ocrx_word' id='word_1_222' title='bbox 413 2133 454 2196; x_wconf 84' lang='grc'><strong>[7,</strong></span> <span class='ocrx_word' id='word_1_223' title='bbox 470 2132 513 2195; x_wconf 82' lang='lat'><strong>15]</strong></span> <span class='ocrx_word' id='word_1_224' title='bbox 532 2150 619 2198; x_wconf 76' lang='lat' dir='ltr'><strong>moqno</strong></span> <span class='ocrx_word' id='word_1_225' title='bbox 634 2132 728 2194; x_wconf 83' lang='lat' dir='ltr'><strong>solatio,</strong></span> <span class='ocrx_word' id='word_1_226' title='bbox 746 2141 772 2183; x_wconf 90' lang='lat' dir='ltr'><strong>et</strong></span> <span class='ocrx_word' id='word_1_227' title='bbox 787 2135 867 2183; x_wconf 89' lang='lat' dir='ltr'><strong>moris</strong></span> <span class='ocrx_word' id='word_1_228' title='bbox 884 2133 968 2182; x_wconf 85' lang='lat' dir='ltr'><strong>Plinio</strong></span> <span class='ocrx_word' id='word_1_229' title='bbox 987 2133 1192 2196; x_wconf 85' lang='lat' dir='ltr'><strong>frequentissimi.</strong></span> <span class='ocrx_word' id='word_1_230' title='bbox 1214 2131 1290 2180; x_wconf 88' lang='lat' dir='ltr'><strong>Peius</strong></span> 
     </span>
     <span class='ocr_line' id='line_1_23' title="bbox 166 2214 1289 2281; baseline -0.003 -17"><span class='ocrx_word' id='word_1_231' title='bbox 166 2218 247 2276; x_wconf 85' lang='lat' dir='ltr'><strong>idem,</strong></span> <span class='ocrx_word' id='word_1_232' title='bbox 268 2215 329 2264; x_wconf 84' lang='lat' dir='ltr'><strong>iano</strong></span> <span class='ocrx_word' id='word_1_233' title='bbox 346 2233 450 2278; x_wconf 83' lang='lat' dir='ltr'><strong>mensae,</strong></span> <span class='ocrx_word' id='word_1_234' title='bbox 471 2233 518 2281; x_wconf 88' lang='lat' dir='ltr'><strong>pro</strong></span> <span class='ocrx_word' id='word_1_235' title='bbox 538 2216 600 2266; x_wconf 80' lang='lat' dir='ltr'><strong>bunc</strong></span> <span class='ocrx_word' id='word_1_236' title='bbox 616 2215 646 2265; x_wconf 90' lang='lat' dir='ltr'><strong>de</strong></span> <span class='ocrx_word' id='word_1_237' title='bbox 663 2233 695 2279; x_wconf 89' lang='lat' dir='ltr'><strong>ss,</strong></span> <span class='ocrx_word' id='word_1_238' title='bbox 717 2219 785 2279; x_wconf 92' lang='lat' dir='ltr'><strong>quod</strong></span> <span class='ocrx_word' id='word_1_239' title='bbox 802 2224 887 2265; x_wconf 89' lang='lat' dir='ltr'><strong>tamen</strong></span> <span class='ocrx_word' id='word_1_240' title='bbox 905 2217 970 2266; x_wconf 90' lang='lat' dir='ltr'><strong>adeo</strong></span> <span class='ocrx_word' id='word_1_241' title='bbox 986 2216 1082 2279; x_wconf 84' lang='lat' dir='ltr'><strong>placuit</strong></span> <span class='ocrx_word' id='word_1_242' title='bbox 1098 2216 1204 2274; x_wconf 81' lang='lat' dir='ltr'><strong>auctori,</strong></span> <span class='ocrx_word' id='word_1_243' title='bbox 1221 2223 1249 2263; x_wconf 91' lang='lat' dir='ltr'><strong>ut</strong></span> <span class='ocrx_word' id='word_1_244' title='bbox 1265 2214 1289 2261; x_wconf 90' lang='lat' dir='ltr'><strong>id</strong></span> 
     </span>
     <span class='ocr_line' id='line_1_24' title="bbox 166 2299 1290 2362; baseline -0.004 -13"><span class='ocrx_word' id='word_1_245' title='bbox 166 2301 292 2359; x_wconf 90' lang='lat' dir='ltr'><strong>maluerit,</strong></span> <span class='ocrx_word' id='word_1_246' title='bbox 311 2315 386 2362; x_wconf 89' lang='lat' dir='ltr'><strong>quarn</strong></span> <span class='ocrx_word' id='word_1_247' title='bbox 399 2299 423 2347; x_wconf 87' lang='lat' dir='ltr'><strong>iu</strong></span> <span class='ocrx_word' id='word_1_248' title='bbox 434 2315 470 2349; x_wconf 84' lang='lat' dir='ltr'><strong>se:</strong></span> <span class='ocrx_word' id='word_1_249' title='bbox 487 2308 512 2350; x_wconf 90' lang='lat' dir='ltr'><strong>et</strong></span> <span class='ocrx_word' id='word_1_250' title='bbox 523 2301 621 2354; x_wconf 86' lang='lat' dir='ltr'><strong>merito.</strong></span> <span class='ocrx_word' id='word_1_251' title='bbox 640 2301 754 2350; x_wconf 85' lang='lat' dir='ltr'><strong>Pessime</strong></span> <span class='ocrx_word' id='word_1_252' title='bbox 771 2313 874 2348; x_wconf 91' lang='lat' dir='ltr'><strong>omnem</strong></span> <span class='ocrx_word' id='word_1_253' title='bbox 892 2301 961 2349; x_wconf 88' lang='lat' dir='ltr'><strong>hunc</strong></span> <span class='ocrx_word' id='word_1_254' title='bbox 973 2300 1058 2348; x_wconf 90' lang='lat' dir='ltr'><strong>loeum</strong></span> <span class='ocrx_word' id='word_1_255' title='bbox 1070 2299 1137 2348; x_wconf 78' lang='lat' dir='ltr'><strong>falso</strong></span> <span class='ocrx_word' id='word_1_256' title='bbox 1150 2300 1290 2360; x_wconf 84' lang='lat' dir='ltr'><strong>suspicatur</strong></span> 
     </span>
     <span class='ocr_line' id='line_1_25' title="bbox 166 2381 1290 2447; baseline -0.004 -15"><span class='ocrx_word' id='word_1_257' title='bbox 166 2384 269 2432; x_wconf 79' lang='lat' dir='ltr'><strong>attribui</strong></span> <span class='ocrx_word' id='word_1_258' title='bbox 286 2384 379 2443; x_wconf 87' lang='lat' dir='ltr'><strong>Plinio,</strong></span> <span class='ocrx_word' id='word_1_259' title='bbox 397 2390 496 2432; x_wconf 89' lang='lat' dir='ltr'><strong>etcum</strong></span> <span class='ocrx_word' id='word_1_260' title='bbox 514 2383 580 2433; x_wconf 85' lang='lat' dir='ltr'><strong>forte</strong></span> <span class='ocrx_word' id='word_1_261' title='bbox 595 2386 622 2432; x_wconf 94' lang='lat' dir='ltr'><strong>in</strong></span> <span class='ocrx_word' id='word_1_262' title='bbox 637 2384 751 2446; x_wconf 85' lang='lat' dir='ltr'><strong>margine</strong></span> <span class='ocrx_word' id='word_1_263' title='bbox 767 2384 824 2433; x_wconf 92' lang='lat' dir='ltr'><strong>libri</strong></span> <span class='ocrx_word' id='word_1_264' title='bbox 841 2383 982 2447; x_wconf 88' lang='lat' dir='ltr'><strong>adscriptus</strong></span> <span class='ocrx_word' id='word_1_265' title='bbox 1000 2390 1074 2442; x_wconf 87' lang='lat' dir='ltr'><strong>esset,</strong></span> <span class='ocrx_word' id='word_1_266' title='bbox 1093 2398 1108 2431; x_wconf 89' lang='lat' dir='ltr'><strong>a</strong></span> <span class='ocrx_word' id='word_1_267' title='bbox 1123 2381 1227 2430; x_wconf 85' lang='lat' dir='ltr'><strong>librario</strong></span> <span class='ocrx_word' id='word_1_268' title='bbox 1245 2395 1290 2442; x_wconf 92' lang='lat' dir='ltr'><strong>per</strong></span> 
     </span>
     <span class='ocr_line' id='line_1_26' title="bbox 166 2464 1289 2532; baseline -0.004 -18"><span class='ocrx_word' id='word_1_269' title='bbox 166 2468 336 2530; x_wconf 84' lang='lat' dir='ltr'><strong>ignorantiam</strong></span> <span class='ocrx_word' id='word_1_270' title='bbox 352 2467 403 2515; x_wconf 91' lang='lat' dir='ltr'><strong>hue</strong></span> <span class='ocrx_word' id='word_1_271' title='bbox 418 2467 553 2528; x_wconf 88' lang='lat' dir='ltr'><strong>insertum,</strong></span> <span class='ocrx_word' id='word_1_272' title='bbox 575 2469 669 2532; x_wconf 89' lang='lat' dir='ltr'><strong>quippe</strong></span> <span class='ocrx_word' id='word_1_273' title='bbox 686 2469 729 2530; x_wconf 89' lang='lat' dir='ltr'><strong>qui</strong></span> <span class='ocrx_word' id='word_1_274' title='bbox 745 2469 776 2517; x_wconf 91' lang='lat' dir='ltr'><strong>ad</strong></span> <span class='ocrx_word' id='word_1_275' title='bbox 794 2477 953 2531; x_wconf 87' lang='lat' dir='ltr'><strong>praesentem</strong></span> <span class='ocrx_word' id='word_1_276' title='bbox 970 2467 1100 2516; x_wconf 88' lang='lat' dir='ltr'><strong>materiam</strong></span> <span class='ocrx_word' id='word_1_277' title='bbox 1123 2465 1187 2512; x_wconf 91' lang='lat' dir='ltr'><strong>nihil</strong></span> <span class='ocrx_word' id='word_1_278' title='bbox 1203 2464 1289 2512; x_wconf 78' lang='lat' dir='ltr'><strong>faeiat.</strong></span> 
     </span>
     <span class='ocr_line' id='line_1_27' title="bbox 166 2547 1289 2614; baseline -0.004 -14"><span class='ocrx_word' id='word_1_279' title='bbox 166 2551 259 2600; x_wconf 86' lang='lat' dir='ltr'><strong>Nescio</strong></span> <span class='ocrx_word' id='word_1_280' title='bbox 278 2565 330 2612; x_wconf 90' lang='lat' dir='ltr'><strong>quo</strong></span> <span class='ocrx_word' id='word_1_281' title='bbox 347 2558 423 2614; x_wconf 88' lang='lat' dir='ltr'><strong>paeto</strong></span> <span class='ocrx_word' id='word_1_282' title='bbox 441 2552 479 2599; x_wconf 87' lang='lat' dir='ltr'><strong>vir</strong></span> <span class='ocrx_word' id='word_1_283' title='bbox 500 2552 729 2614; x_wconf 87' lang='lat' dir='ltr'><strong>praestantissimus</strong></span> <span class='ocrx_word' id='word_1_284' title='bbox 744 2553 854 2614; x_wconf 89' lang='lat' dir='ltr'><strong>iniquior</strong></span> <span class='ocrx_word' id='word_1_285' title='bbox 871 2560 909 2600; x_wconf 88' lang='lat' dir='ltr'><strong>est</strong></span> <span class='ocrx_word' id='word_1_286' title='bbox 925 2550 1122 2600; x_wconf 86' lang='lat' dir='ltr'><strong>narratiunculis</strong></span> <span class='ocrx_word' id='word_1_287' title='bbox 1140 2547 1289 2603; x_wconf 79' lang='lat' dir='ltr'><strong>cristallis,</strong></span> 
     </span>
     <span class='ocr_line' id='line_1_28' title="bbox 167 2632 1289 2699; baseline -0.005 -15"><span class='ocrx_word' id='word_1_288' title='bbox 167 2636 257 2698; x_wconf 90' lang='lat' dir='ltr'><strong>quibus</strong></span> <span class='ocrx_word' id='word_1_289' title='bbox 273 2636 356 2699; x_wconf 89' lang='lat' dir='ltr'><strong>operis</strong></span> <span class='ocrx_word' id='word_1_290' title='bbox 372 2635 411 2684; x_wconf 91' lang='lat' dir='ltr'><strong>sui</strong></span> <span class='ocrx_word' id='word_1_291' title='bbox 427 2634 586 2684; x_wconf 85' lang='lat' dir='ltr'><strong>severitatem</strong></span> <span class='ocrx_word' id='word_1_292' title='bbox 602 2635 716 2684; x_wconf 83' lang='lat' dir='ltr'><strong>condivit</strong></span> <span class='ocrx_word' id='word_1_293' title='bbox 732 2637 843 2695; x_wconf 88' lang='lat' dir='ltr'><strong>Plinius,</strong></span> <span class='ocrx_word' id='word_1_294' title='bbox 866 2643 919 2684; x_wconf 91' lang='lat' dir='ltr'><strong>tam</strong></span> <span class='ocrx_word' id='word_1_295' title='bbox 937 2635 1056 2685; x_wconf 84' lang='lat' dir='ltr'><strong>suavibus</strong></span> <span class='ocrx_word' id='word_1_296' title='bbox 1073 2632 1240 2690; x_wconf 79' lang='lat' dir='ltr'><strong>ordalireus,</strong></span> <span class='ocrx_word' id='word_1_297' title='bbox 1261 2641 1289 2680; x_wconf 91' lang='lat' dir='ltr'><strong>ut</strong></span> 
     </span>
     <span class='ocr_line' id='line_1_29' title="bbox 166 2718 1290 2783; baseline 0 -18"><span class='ocrx_word' id='word_1_298' title='bbox 166 2718 240 2768; x_wconf 86' lang='lat' dir='ltr'><strong>facile</strong></span> <span class='ocrx_word' id='word_1_299' title='bbox 253 2718 351 2769; x_wconf 86' lang='lat' dir='ltr'><strong>Siculas</strong></span> <span class='ocrx_word' id='word_1_300' title='bbox 364 2727 389 2768; x_wconf 91' lang='lat' dir='ltr'><strong>et</strong></span> <span class='ocrx_word' id='word_1_301' title='bbox 401 2719 556 2782; x_wconf 85' lang='lat' dir='ltr'><strong>Sybaritiess</strong></span> <span class='ocrx_word' id='word_1_302' title='bbox 567 2733 668 2769; x_wconf 88' lang='lat' dir='ltr'><strong>mensas</strong></span> <span class='ocrx_word' id='word_1_303' title='bbox 681 2733 741 2782; x_wconf 88' lang='lat' dir='ltr'><strong>prae</strong></span> <span class='ocrx_word' id='word_1_304' title='bbox 753 2719 804 2769; x_wconf 90' lang='lat' dir='ltr'><strong>illis</strong></span> <span class='ocrx_word' id='word_1_305' title='bbox 816 2735 930 2783; x_wconf 86' lang='lat' dir='ltr'><strong>spernas.</strong></span> <span class='ocrx_word' id='word_1_306' title='bbox 948 2720 1022 2769; x_wconf 89' lang='lat' dir='ltr'><strong>Hane</strong></span> <span class='ocrx_word' id='word_1_307' title='bbox 1034 2728 1119 2768; x_wconf 91' lang='lat' dir='ltr'><strong>autem</strong></span> <span class='ocrx_word' id='word_1_308' title='bbox 1132 2718 1194 2767; x_wconf 86' lang='lat' dir='ltr'><strong>sotis</strong></span> <span class='ocrx_word' id='word_1_309' title='bbox 1205 2726 1290 2766; x_wconf 87' lang='lat' dir='ltr'><strong>tuetur</strong></span> 
     </span>
     <span class='ocr_line' id='line_1_30' title="bbox 166 2799 1288 2867; baseline 0 -17"><span class='ocrx_word' id='word_1_310' title='bbox 166 2811 255 2852; x_wconf 88' lang='lat' dir='ltr'><strong>auctor</strong></span> <span class='ocrx_word' id='word_1_311' title='bbox 271 2805 324 2867; x_wconf 91' lang='lat' dir='ltr'><strong>ipse</strong></span> <span class='ocrx_word' id='word_1_312' title='bbox 340 2803 382 2851; x_wconf 91' lang='lat' dir='ltr'><strong>lib.</strong></span> <span class='ocrx_word' id='word_1_313' title='bbox 395 2809 436 2863; x_wconf 86' lang='grc'><strong>35,</strong></span> <span class='ocrx_word' id='word_1_314' title='bbox 452 2808 481 2852; x_wconf 88' lang='grc'><strong>18</strong></span> <span class='ocrx_word' id='word_1_315' title='bbox 496 2800 549 2863; x_wconf 84' lang='grc'><strong>[58,</strong></span> <span class='ocrx_word' id='word_1_316' title='bbox 562 2801 623 2864; x_wconf 76' lang='lat'><strong>200]</strong></span> <span class='ocrx_word' id='word_1_317' title='bbox 642 2818 693 2852; x_wconf 90' lang='lat' dir='ltr'><strong>uno</strong></span> <span class='ocrx_word' id='word_1_318' title='bbox 710 2805 847 2862; x_wconf 86' lang='lat' dir='ltr'><strong>vocabulo,</strong></span> <span class='ocrx_word' id='word_1_319' title='bbox 866 2820 943 2867; x_wconf 92' lang='lat' dir='ltr'><strong>quum</strong></span> <span class='ocrx_word' id='word_1_320' title='bbox 960 2805 996 2853; x_wconf 90' lang='lat' dir='ltr'><strong>ait</strong></span> <span class='ocrx_word' id='word_1_321' title='bbox 1012 2811 1122 2852; x_wconf 88' lang='lat' dir='ltr'><strong>rectorem</strong></span> <span class='ocrx_word' id='word_1_322' title='bbox 1139 2800 1170 2851; x_wconf 92' lang='lat' dir='ltr'><strong>L.</strong></span> <span class='ocrx_word' id='word_1_323' title='bbox 1184 2799 1288 2851; x_wconf 79' lang='lat' dir='ltr'><strong>Luculli.</strong></span> 
     </span>
     <span class='ocr_line' id='line_1_31' title="bbox 167 2884 1290 2950; baseline -0.002 -16"><span class='ocrx_word' id='word_1_324' title='bbox 167 2885 209 2934; x_wconf 85' lang='lat' dir='ltr'><strong>Sio</strong></span> <span class='ocrx_word' id='word_1_325' title='bbox 226 2886 292 2934; x_wconf 89' lang='lat' dir='ltr'><strong>eriim</strong></span> <span class='ocrx_word' id='word_1_326' title='bbox 309 2895 335 2934; x_wconf 91' lang='lat' dir='ltr'><strong>et</strong></span> <span class='ocrx_word' id='word_1_327' title='bbox 350 2886 426 2934; x_wconf 87' lang='lat' dir='ltr'><strong>Voss.</strong></span> <span class='ocrx_word' id='word_1_328' title='bbox 442 2886 523 2933; x_wconf 85' lang='lat' dir='ltr'><strong>Aead.</strong></span> <span class='ocrx_word' id='word_1_329' title='bbox 540 2884 685 2946; x_wconf 85' lang='lat' dir='ltr'><strong>Gudianus,</strong></span> <span class='ocrx_word' id='word_1_330' title='bbox 706 2886 848 2950; x_wconf 89' lang='lat' dir='ltr'><strong>Menapius.</strong></span> <span class='ocrx_word' id='word_1_331' title='bbox 875 2902 935 2936; x_wconf 85' lang='lat' dir='ltr'><strong>nam</strong></span> <span class='ocrx_word' id='word_1_332' title='bbox 953 2888 1086 2949; x_wconf 81' lang='lat' dir='ltr'><strong>Andegav.</strong></span> <span class='ocrx_word' id='word_1_333' title='bbox 1109 2902 1155 2936; x_wconf 91' lang='lat' dir='ltr'><strong>nos</strong></span> <span class='ocrx_word' id='word_1_334' title='bbox 1178 2887 1290 2937; x_wconf 85' lang='lat' dir='ltr'><strong>destituit</strong></span> 
     </span>
     <span class='ocr_line' id='line_1_32' title="bbox 167 2967 474 3016; baseline 0 -1"><span class='ocrx_word' id='word_1_335' title='bbox 167 2983 224 3016; x_wconf 91' lang='lat' dir='ltr'><strong>eum</strong></span> <span class='ocrx_word' id='word_1_336' title='bbox 237 2968 287 3015; x_wconf 88' lang='lat' dir='ltr'><strong>fine</strong></span> <span class='ocrx_word' id='word_1_337' title='bbox 299 2967 352 3016; x_wconf 88' lang='lat' dir='ltr'><strong>fere</strong></span> <span class='ocrx_word' id='word_1_338' title='bbox 363 2967 421 3016; x_wconf 89' lang='lat' dir='ltr'><strong>libri</strong></span> <span class='ocrx_word' id='word_1_339' title='bbox 434 2973 474 3016; x_wconf 77' lang='lat'><strong>32.</strong></span> 
     </span>
    </p>

    <p class='ocr_par' dir='ltr' id='par_1_4' title="bbox 166 3048 1290 3370">
     <span class='ocr_line' id='line_1_33' title="bbox 201 3048 1289 3115; baseline 0.001 -14"><span class='ocrx_word' id='word_1_340' title='bbox 201 3050 265 3101; x_wconf 74' lang='lat' dir='ltr'><strong>cir.</strong></span> <span class='ocrx_word' id='word_1_341' title='bbox 277 3049 323 3099; x_wconf 90' lang='lat' dir='ltr'><strong>VL</strong></span> <span class='ocrx_word' id='word_1_342' title='bbox 337 3048 391 3111; x_wconf 83' lang='lat'><strong>[17,</strong></span> <span class='ocrx_word' id='word_1_343' title='bbox 404 3048 448 3111; x_wconf 79' lang='grc'><strong>64]</strong></span> <span class='ocrx_word' id='word_1_344' title='bbox 471 3049 565 3114; x_wconf 80' lang='lat' dir='ltr'><strong>Quippe</strong></span> <span class='ocrx_word' id='word_1_345' title='bbox 576 3066 627 3099; x_wconf 91' lang='lat' dir='ltr'><strong>cum</strong></span> <span class='ocrx_word' id='word_1_346' title='bbox 640 3051 756 3100; x_wconf 88' lang='lat' dir='ltr'><strong>Hercules</strong></span> <span class='ocrx_word' id='word_1_347' title='bbox 767 3067 817 3100; x_wconf 89' lang='lat' dir='ltr'><strong>cum</strong></span> <span class='ocrx_word' id='word_1_348' title='bbox 828 3050 972 3115; x_wconf 86' lang='lat' dir='ltr'><strong>prodiderit]</strong></span> <span class='ocrx_word' id='word_1_349' title='bbox 993 3052 1035 3102; x_wconf 85' lang='lat' dir='ltr'><strong>Sic</strong></span> <span class='ocrx_word' id='word_1_350' title='bbox 1047 3054 1211 3102; x_wconf 88' lang='lat' dir='ltr'><strong>Hermolaus.</strong></span> <span class='ocrx_word' id='word_1_351' title='bbox 1229 3054 1289 3112; x_wconf 84' lang='lat' dir='ltr'><strong>Sed,</strong></span> 
     </span>
     <span class='ocr_line' id='line_1_34' title="bbox 166 3132 1288 3198; baseline 0.001 -15"><span class='ocrx_word' id='word_1_352' title='bbox 166 3142 195 3183; x_wconf 88' lang='lat' dir='ltr'><strong>ut</strong></span> <span class='ocrx_word' id='word_1_353' title='bbox 206 3142 281 3184; x_wconf 85' lang='lat' dir='ltr'><strong>antea</strong></span> <span class='ocrx_word' id='word_1_354' title='bbox 293 3134 421 3195; x_wconf 89' lang='lat' dir='ltr'><strong>edebatur,</strong></span> <span class='ocrx_word' id='word_1_355' title='bbox 433 3135 510 3184; x_wconf 92' lang='lat' dir='ltr'><strong>Voss.</strong></span> <span class='ocrx_word' id='word_1_356' title='bbox 523 3132 699 3183; x_wconf 77' lang='lat' dir='ltr'><strong>Herculaneum</strong></span> <span class='ocrx_word' id='word_1_357' title='bbox 708 3133 850 3198; x_wconf 87' lang='lat' dir='ltr'><strong>prodiderit.</strong></span> <span class='ocrx_word' id='word_1_358' title='bbox 868 3137 912 3187; x_wconf 84' lang='lat' dir='ltr'><strong><em>An</em></strong></span> <span class='ocrx_word' id='word_1_359' title='bbox 921 3134 1104 3197; x_wconf 81' lang='lat' dir='ltr'><strong>Herculaneum,</strong></span> <span class='ocrx_word' id='word_1_360' title='bbox 1117 3143 1146 3184; x_wconf 90' lang='lat' dir='ltr'><strong>ut</strong></span> <span class='ocrx_word' id='word_1_361' title='bbox 1157 3135 1203 3184; x_wconf 87' lang='lat' dir='ltr'><strong>uim</strong></span> <span class='ocrx_word' id='word_1_362' title='bbox 1216 3137 1288 3184; x_wconf 90' lang='lat' dir='ltr'><strong>intel-</strong></span> 
     </span>
     <span class='ocr_line' id='line_1_35' title="bbox 166 3216 1290 3285; baseline 0 -19"><span class='ocrx_word' id='word_1_363' title='bbox 166 3218 275 3280; x_wconf 77' lang='lat' dir='ltr'><strong>ligatur?</strong></span> <span class='ocrx_word' id='word_1_364' title='bbox 293 3216 434 3268; x_wconf 86' lang='lat' dir='ltr'><strong>Prodiderit</strong></span> <span class='ocrx_word' id='word_1_365' title='bbox 445 3226 494 3268; x_wconf 84' lang='lat' dir='ltr'><strong>est:</strong></span> <span class='ocrx_word' id='word_1_366' title='bbox 512 3218 607 3280; x_wconf 86' lang='lat' dir='ltr'><strong>feeerit,</strong></span> <span class='ocrx_word' id='word_1_367' title='bbox 620 3220 660 3268; x_wconf 88' lang='lat' dir='ltr'><strong>vel</strong></span> <span class='ocrx_word' id='word_1_368' title='bbox 672 3219 784 3270; x_wconf 84' lang='lat' dir='ltr'><strong>effecerit</strong></span> <span class='ocrx_word' id='word_1_369' title='bbox 795 3224 820 3269; x_wconf 84' lang='lat' dir='ltr'><strong>ri</strong></span> <span class='ocrx_word' id='word_1_370' title='bbox 832 3223 941 3284; x_wconf 87' lang='lat' dir='ltr'><strong>quadam</strong></span> <span class='ocrx_word' id='word_1_371' title='bbox 953 3222 1060 3285; x_wconf 82' lang='lat' dir='ltr'><strong>magica.</strong></span> <span class='ocrx_word' id='word_1_372' title='bbox 1078 3222 1210 3270; x_wconf 90' lang='lat' dir='ltr'><strong>Pintianus</strong></span> <span class='ocrx_word' id='word_1_373' title='bbox 1226 3221 1290 3267; x_wconf 85' lang='lat' dir='ltr'><strong>haee</strong></span> 
     </span>
     <span class='ocr_line' id='line_1_36' title="bbox 167 3302 1113 3370; baseline 0.004 -20"><span class='ocrx_word' id='word_1_374' title='bbox 167 3304 243 3352; x_wconf 81' lang='lat' dir='ltr'><strong>verba</strong></span> <span class='ocrx_word' id='word_1_375' title='bbox 255 3302 398 3351; x_wconf 90' lang='lat' dir='ltr'><strong>adulterina</strong></span> <span class='ocrx_word' id='word_1_376' title='bbox 409 3317 463 3352; x_wconf 89' lang='lat' dir='ltr'><strong>esse</strong></span> <span class='ocrx_word' id='word_1_377' title='bbox 475 3304 624 3366; x_wconf 87' lang='lat' dir='ltr'><strong>suspicatur.</strong></span> <span class='ocrx_word' id='word_1_378' title='bbox 644 3303 693 3353; x_wconf 87' lang='lat' dir='ltr'><strong>Sed</strong></span> <span class='ocrx_word' id='word_1_379' title='bbox 706 3304 750 3353; x_wconf 90' lang='lat' dir='ltr'><strong>ille</strong></span> <span class='ocrx_word' id='word_1_380' title='bbox 763 3306 838 3355; x_wconf 88' lang='lat' dir='ltr'><strong>huius</strong></span> <span class='ocrx_word' id='word_1_381' title='bbox 850 3307 1000 3370; x_wconf 87' lang='lat' dir='ltr'><strong>suspicionis</strong></span> <span class='ocrx_word' id='word_1_382' title='bbox 1012 3307 1113 3356; x_wconf 88' lang='lat' dir='ltr'><strong>nimius.</strong></span> 
     </span>
    </p>

    <p class='ocr_par' dir='ltr' id='par_1_5' title="bbox 167 3382 1348 3536">
     <span class='ocr_line' id='line_1_37' title="bbox 202 3382 1288 3453; baseline 0.005 -21"><span class='ocrx_word' id='word_1_383' title='bbox 202 3384 254 3447; x_wconf 63' lang='lat' dir='ltr'><strong>[ta</strong></span> <span class='ocrx_word' id='word_1_384' title='bbox 268 3382 312 3446; x_wconf 86' lang='lat' dir='ltr'><strong>tt]</strong></span> <span class='ocrx_word' id='word_1_385' title='bbox 335 3383 460 3448; x_wconf 82' lang='lat' dir='ltr'><strong>Cortsestim</strong></span> <span class='ocrx_word' id='word_1_386' title='bbox 475 3387 573 3450; x_wconf 85' lang='lat' dir='ltr'><strong>perfuso</strong></span> <span class='ocrx_word' id='word_1_387' title='bbox 589 3387 657 3435; x_wconf 84' lang='lat' dir='ltr'><strong>canis</strong></span> <span class='ocrx_word' id='word_1_388' title='bbox 675 3386 765 3449; x_wconf 87' lang='lat' dir='ltr'><strong>morsu]</strong></span> <span class='ocrx_word' id='word_1_389' title='bbox 788 3389 867 3440; x_wconf 85' lang='lat' dir='ltr'><strong>Voss.</strong></span> <span class='ocrx_word' id='word_1_390' title='bbox 883 3390 1003 3453; x_wconf 83' lang='lat' dir='ltr'><strong>confestim</strong></span> <span class='ocrx_word' id='word_1_391' title='bbox 1017 3406 1062 3453; x_wconf 90' lang='lat' dir='ltr'><strong>per</strong></span> <span class='ocrx_word' id='word_1_392' title='bbox 1079 3406 1103 3437; x_wconf 86' lang='lat' dir='ltr'><strong>se</strong></span> <span class='ocrx_word' id='word_1_393' title='bbox 1120 3389 1188 3437; x_wconf 86' lang='lat' dir='ltr'><strong>canis</strong></span> <span class='ocrx_word' id='word_1_394' title='bbox 1203 3404 1288 3437; x_wconf 82' lang='lat' dir='ltr'><strong>morsu.</strong></span> 
     </span>
     <span class='ocr_line' id='line_1_38' title="bbox 167 3466 1348 3536; baseline 0.008 -19"><span class='ocrx_word' id='word_1_395' title='bbox 167 3470 224 3528; x_wconf 90' lang='lat' dir='ltr'><strong>Vel,</strong></span> <span class='ocrx_word' id='word_1_396' title='bbox 242 3469 331 3531; x_wconf 89' lang='lat' dir='ltr'><strong>iuquit,</strong></span> <span class='ocrx_word' id='word_1_397' title='bbox 349 3483 394 3532; x_wconf 90' lang='lat' dir='ltr'><strong>per</strong></span> <span class='ocrx_word' id='word_1_398' title='bbox 406 3485 433 3519; x_wconf 88' lang='lat' dir='ltr'><strong>se</strong></span> <span class='ocrx_word' id='word_1_399' title='bbox 445 3472 498 3519; x_wconf 91' lang='lat' dir='ltr'><strong>sine</strong></span> <span class='ocrx_word' id='word_1_400' title='bbox 510 3472 562 3519; x_wconf 81' lang='lat' dir='ltr'><strong>alio</strong></span> <span class='ocrx_word' id='word_1_401' title='bbox 575 3473 723 3521; x_wconf 87' lang='lat' dir='ltr'><strong>adiumento</strong></span> <span class='ocrx_word' id='word_1_402' title='bbox 740 3473 859 3536; x_wconf 88' lang='lat' dir='ltr'><strong>imposita</strong></span> <span class='ocrx_word' id='word_1_403' title='bbox 871 3473 912 3522; x_wconf 83' lang='lat' dir='ltr'><strong>vel</strong></span> <span class='ocrx_word' id='word_1_404' title='bbox 923 3474 949 3521; x_wconf 93' lang='lat' dir='ltr'><strong>in</strong></span> <span class='ocrx_word' id='word_1_405' title='bbox 962 3466 1071 3536; x_wconf 78' lang='lat' dir='ltr'><strong>spbngia</strong></span> <span class='ocrx_word' id='word_1_406' title='bbox 1082 3475 1179 3522; x_wconf 84' lang='lat' dir='ltr'><strong>lanisve</strong></span> <span class='ocrx_word' id='word_1_407' title='bbox 1191 3471 1288 3531; x_wconf 83' lang='lat' dir='ltr'><strong>morsui,</strong></span> <span class='ocrx_word' id='word_1_408' title='bbox 1302 3481 1348 3526; x_wconf 84' lang='lat' dir='ltr'><strong>aot</strong></span> 
     </span>
    </p>

    <p class='ocr_par' dir='ltr' id='par_1_6' title="bbox 118 3551 1287 3701">
     <span class='ocr_line' id='line_1_39' title="bbox 118 3551 1287 3619; baseline 0.006 -20"><span class='ocrx_word' id='word_1_409' title='bbox 118 3592 120 3599; x_wconf 94' lang='lat'><em>.</em></span> <span class='ocrx_word' id='word_1_410' title='bbox 167 3553 187 3600; x_wconf 94' lang='lat' dir='ltr'><strong>si</strong></span> <span class='ocrx_word' id='word_1_411' title='bbox 204 3551 284 3601; x_wconf 89' lang='lat' dir='ltr'><strong>malis.</strong></span> <span class='ocrx_word' id='word_1_412' title='bbox 312 3552 355 3602; x_wconf 87' lang='lat' dir='ltr'><strong>Sie</strong></span> <span class='ocrx_word' id='word_1_413' title='bbox 372 3568 392 3601; x_wconf 91' lang='lat' dir='ltr'><strong>o.</strong></span> <span class='ocrx_word' id='word_1_414' title='bbox 413 3558 426 3603; x_wconf 85' lang='lat' dir='ltr'><strong>t</strong></span> <span class='ocrx_word' id='word_1_415' title='bbox 445 3551 502 3614; x_wconf 75' lang='lat'><strong>[23‚</strong></span> <span class='ocrx_word' id='word_1_416' title='bbox 520 3552 565 3615; x_wconf 79' lang='lat' dir='ltr'><strong>at]</strong></span> <span class='ocrx_word' id='word_1_417' title='bbox 583 3555 682 3602; x_wconf 82' lang='lat' dir='ltr'><strong>cinerem</strong></span> <span class='ocrx_word' id='word_1_418' title='bbox 696 3571 743 3618; x_wconf 87' lang='lat' dir='ltr'><strong>per</strong></span> <span class='ocrx_word' id='word_1_419' title='bbox 757 3572 782 3604; x_wconf 88' lang='lat' dir='ltr'><strong>se</strong></span> <span class='ocrx_word' id='word_1_420' title='bbox 798 3572 893 3604; x_wconf 83' lang='lat' dir='ltr'><strong>rosaceo</strong></span> <span class='ocrx_word' id='word_1_421' title='bbox 910 3555 1013 3604; x_wconf 73' lang='lat' dir='ltr'><strong>mixtum.</strong></span> <span class='ocrx_word' id='word_1_422' title='bbox 1038 3555 1101 3619; x_wconf 84' lang='lat' dir='ltr'><strong>Cap.</strong></span> <span class='ocrx_word' id='word_1_423' title='bbox 1120 3562 1135 3605; x_wconf 86' lang='grc'><strong>9</strong></span> <span class='ocrx_word' id='word_1_424' title='bbox 1153 3555 1206 3618; x_wconf 66' lang='lat' dir='ltr'><strong>[st</strong></span> <span class='ocrx_word' id='word_1_425' title='bbox 1226 3555 1287 3618; x_wconf 77' lang='lat'>142]</span> 
     </span>
     <span class='ocr_line' id='line_1_40' title="bbox 167 3632 667 3701; baseline 0.008 -20"><span class='ocrx_word' id='word_1_426' title='bbox 167 3632 201 3681; x_wconf 85' lang='lat' dir='ltr'><strong>Et</strong></span> <span class='ocrx_word' id='word_1_427' title='bbox 208 3650 254 3697; x_wconf 83' lang='lat' dir='ltr'><strong>per</strong></span> <span class='ocrx_word' id='word_1_428' title='bbox 265 3652 289 3683; x_wconf 90' lang='lat' dir='ltr'><strong>se</strong></span> <span class='ocrx_word' id='word_1_429' title='bbox 301 3636 439 3700; x_wconf 76' lang='lat' dir='ltr'><strong>arunqiam.</strong></span> <span class='ocrx_word' id='word_1_430' title='bbox 459 3637 501 3686; x_wconf 89' lang='lat' dir='ltr'><strong>Sie</strong></span> <span class='ocrx_word' id='word_1_431' title='bbox 512 3652 588 3701; x_wconf 91' lang='lat' dir='ltr'><strong>saepe</strong></span> <span class='ocrx_word' id='word_1_432' title='bbox 600 3638 667 3687; x_wconf 91' lang='lat' dir='ltr'><strong>alibi.</strong></span> 
     </span>
    </p>

    <p class='ocr_par' dir='ltr' id='par_1_7' title="bbox 164 3719 1288 4291">
     <span class='ocr_line' id='line_1_41' title="bbox 200 3719 1286 3786; baseline 0.004 -17"><span class='ocrx_word' id='word_1_433' title='bbox 200 3719 264 3769; x_wconf 80' lang='lat' dir='ltr'><strong>Osa.</strong></span> <span class='ocrx_word' id='word_1_434' title='bbox 276 3721 337 3770; x_wconf 89' lang='lat' dir='ltr'><strong>VH.</strong></span> <span class='ocrx_word' id='word_1_435' title='bbox 352 3720 410 3782; x_wconf 79' lang='lat'><strong>[23,</strong></span> <span class='ocrx_word' id='word_1_436' title='bbox 424 3719 467 3782; x_wconf 86' lang='lat' dir='ltr'><strong>ts]</strong></span> <span class='ocrx_word' id='word_1_437' title='bbox 485 3721 538 3769; x_wconf 88' lang='lat' dir='ltr'><strong>Aut</strong></span> <span class='ocrx_word' id='word_1_438' title='bbox 554 3721 579 3769; x_wconf 86' lang='lat' dir='ltr'><strong>in</strong></span> <span class='ocrx_word' id='word_1_439' title='bbox 596 3722 703 3785; x_wconf 80' lang='lat' dir='ltr'><strong>oirqinco</strong></span> <span class='ocrx_word' id='word_1_440' title='bbox 720 3731 798 3771; x_wconf 81' lang='lat' dir='ltr'><strong>aetate</strong></span> <span class='ocrx_word' id='word_1_441' title='bbox 814 3720 956 3786; x_wconf 83' lang='lat' dir='ltr'><strong>spontaneo]</strong></span> <span class='ocrx_word' id='word_1_442' title='bbox 979 3723 1111 3774; x_wconf 88' lang='lat' dir='ltr'><strong>Pintianus</strong></span> <span class='ocrx_word' id='word_1_443' title='bbox 1127 3726 1286 3774; x_wconf 87' lang='lat' dir='ltr'><strong>scribendum</strong></span> 
     </span>
     <span class='ocr_line' id='line_1_42' title="bbox 167 3803 1288 3872; baseline 0.004 -23"><span class='ocrx_word' id='word_1_444' title='bbox 167 3808 252 3864; x_wconf 85' lang='lat' dir='ltr'><strong>putat:</strong></span> <span class='ocrx_word' id='word_1_445' title='bbox 270 3803 352 3852; x_wconf 85' lang='lat' dir='ltr'><strong>autin</strong></span> <span class='ocrx_word' id='word_1_446' title='bbox 369 3804 506 3869; x_wconf 78' lang='lat' dir='ltr'><strong>oirqinitote</strong></span> <span class='ocrx_word' id='word_1_447' title='bbox 523 3812 604 3867; x_wconf 82' lang='lat' dir='ltr'><strong>sponte</strong></span> <span class='ocrx_word' id='word_1_448' title='bbox 619 3806 752 3868; x_wconf 79' lang='lat' dir='ltr'><strong>absumpta.</strong></span> <span class='ocrx_word' id='word_1_449' title='bbox 772 3806 838 3856; x_wconf 78' lang='lat' dir='ltr'><strong>(lud.</strong></span> <span class='ocrx_word' id='word_1_450' title='bbox 850 3808 954 3870; x_wconf 89' lang='lat' dir='ltr'><strong>Menap.</strong></span> <span class='ocrx_word' id='word_1_451' title='bbox 966 3808 1048 3857; x_wconf 87' lang='lat' dir='ltr'><strong>Aead.</strong></span> <span class='ocrx_word' id='word_1_452' title='bbox 1062 3817 1148 3858; x_wconf 87' lang='lat' dir='ltr'><strong>curent</strong></span> <span class='ocrx_word' id='word_1_453' title='bbox 1164 3805 1204 3872; x_wconf 79' lang='grc' dir='ltr'><strong>τῷ</strong></span> <span class='ocrx_word' id='word_1_454' title='bbox 1218 3823 1288 3870; x_wconf 84' lang='lat' dir='ltr'><strong>spon·</strong></span> 
     </span>
     <span class='ocr_line' id='line_1_43' title="bbox 168 3887 1288 3955; baseline 0.008 -24"><span class='ocrx_word' id='word_1_455' title='bbox 168 3892 245 3934; x_wconf 83' lang='lat' dir='ltr'><strong>tenea.</strong></span> <span class='ocrx_word' id='word_1_456' title='bbox 269 3887 421 3937; x_wconf 82' lang='lat' dir='ltr'><strong>Vossianus:</strong></span> <span class='ocrx_word' id='word_1_457' title='bbox 438 3888 530 3952; x_wconf 80' lang='lat' dir='ltr'><strong>oirpine</strong></span> <span class='ocrx_word' id='word_1_458' title='bbox 547 3888 616 3936; x_wconf 71' lang='lat' dir='ltr'><strong>etatis</strong></span> <span class='ocrx_word' id='word_1_459' title='bbox 631 3896 719 3951; x_wconf 88' lang='lat' dir='ltr'><strong>sponte.</strong></span> <span class='ocrx_word' id='word_1_460' title='bbox 747 3889 825 3949; x_wconf 84' lang='lat' dir='ltr'><strong>Quod</strong></span> <span class='ocrx_word' id='word_1_461' title='bbox 841 3891 966 3939; x_wconf 89' lang='lat' dir='ltr'><strong>sincerum</strong></span> <span class='ocrx_word' id='word_1_462' title='bbox 982 3900 1058 3955; x_wconf 87' lang='lat' dir='ltr'><strong>puto:</strong></span> <span class='ocrx_word' id='word_1_463' title='bbox 1078 3893 1101 3940; x_wconf 82' lang='lat' dir='ltr'><strong>si</strong></span> <span class='ocrx_word' id='word_1_464' title='bbox 1115 3891 1228 3955; x_wconf 77' lang='lat' dir='ltr'><strong>purpurio</strong></span> <span class='ocrx_word' id='word_1_465' title='bbox 1244 3889 1288 3940; x_wconf 89' lang='lat' dir='ltr'><strong>illo</strong></span> 
     </span>
     <span class='ocr_line' id='line_1_44' title="bbox 164 3968 1286 4038; baseline 0.008 -23"><span class='ocrx_word' id='word_1_466' title='bbox 164 3975 218 4030; x_wconf 89' lang='lat' dir='ltr'><strong>post</strong></span> <span class='ocrx_word' id='word_1_467' title='bbox 234 3968 392 4033; x_wconf 78' lang='lat' dir='ltr'><strong>uirqinitutem</strong></span> <span class='ocrx_word' id='word_1_468' title='bbox 406 3972 488 4035; x_wconf 84' lang='lat' dir='ltr'><strong>prima</strong></span> <span class='ocrx_word' id='word_1_469' title='bbox 503 3971 536 4019; x_wconf 86' lang='lat' dir='ltr'><strong>sit</strong></span> <span class='ocrx_word' id='word_1_470' title='bbox 552 3979 595 4018; x_wconf 86' lang='lat' dir='ltr'><strong>aut</strong></span> <span class='ocrx_word' id='word_1_471' title='bbox 612 3971 637 4018; x_wconf 90' lang='lat' dir='ltr'><strong>in</strong></span> <span class='ocrx_word' id='word_1_472' title='bbox 655 3970 745 4034; x_wconf 80' lang='lat' dir='ltr'><strong>vr&#39;rqine</strong></span> <span class='ocrx_word' id='word_1_473' title='bbox 761 3973 849 4021; x_wconf 68' lang='lat' dir='ltr'><strong>uetans</strong></span> <span class='ocrx_word' id='word_1_474' title='bbox 863 3981 951 4037; x_wconf 85' lang='lat' dir='ltr'><strong>sponte.</strong></span> <span class='ocrx_word' id='word_1_475' title='bbox 978 3976 1106 4024; x_wconf 76' lang='lat' dir='ltr'><strong>Muluium</strong></span> <span class='ocrx_word' id='word_1_476' title='bbox 1123 3974 1227 4034; x_wconf 87' lang='lat' dir='ltr'><strong>abillis,</strong></span> <span class='ocrx_word' id='word_1_477' title='bbox 1244 3977 1286 4038; x_wconf 89' lang='lat' dir='ltr'><strong>qni</strong></span> 
     </span>
     <span class='ocr_line' id='line_1_45' title="bbox 166 4051 1286 4122; baseline 0.008 -22"><span class='ocrx_word' id='word_1_478' title='bbox 166 4054 319 4115; x_wconf 90' lang='lat' dir='ltr'><strong>nesciebant,</strong></span> <span class='ocrx_word' id='word_1_479' title='bbox 336 4058 404 4117; x_wconf 92' lang='lat' dir='ltr'><strong>quod</strong></span> <span class='ocrx_word' id='word_1_480' title='bbox 420 4064 486 4105; x_wconf 87' lang='lat' dir='ltr'><strong>esset</strong></span> <span class='ocrx_word' id='word_1_481' title='bbox 503 4051 533 4103; x_wconf 84' lang='grc' dir='ltr'><strong>τὸ</strong></span> <span class='ocrx_word' id='word_1_482' title='bbox 551 4061 644 4117; x_wconf 70' lang='lat' dir='ltr'><strong>monte:</strong></span> <span class='ocrx_word' id='word_1_483' title='bbox 662 4058 730 4117; x_wconf 86' lang='lat' dir='ltr'><strong>quod</strong></span> <span class='ocrx_word' id='word_1_484' title='bbox 746 4056 871 4106; x_wconf 83' lang='lat' dir='ltr'><strong>interdum</strong></span> <span class='ocrx_word' id='word_1_485' title='bbox 890 4067 989 4120; x_wconf 89' lang='lat' dir='ltr'><strong>ponunt</strong></span> <span class='ocrx_word' id='word_1_486' title='bbox 1000 4058 1084 4107; x_wconf 84' lang='lat' dir='ltr'><strong>Latini</strong></span> <span class='ocrx_word' id='word_1_487' title='bbox 1101 4074 1147 4122; x_wconf 86' lang='lat' dir='ltr'><strong>pro</strong></span> <span class='ocrx_word' id='word_1_488' title='bbox 1164 4073 1202 4120; x_wconf 90' lang='lat' dir='ltr'><strong>eo,</strong></span> <span class='ocrx_word' id='word_1_489' title='bbox 1219 4061 1286 4122; x_wconf 90' lang='lat' dir='ltr'><strong>qnod</strong></span> 
     </span>
     <span class='ocr_line' id='line_1_46' title="bbox 167 4137 1288 4203; baseline 0.007 -19"><span class='ocrx_word' id='word_1_490' title='bbox 167 4137 229 4186; x_wconf 84' lang='lat' dir='ltr'><strong>alias</strong></span> <span class='ocrx_word' id='word_1_491' title='bbox 242 4138 329 4187; x_wconf 88' lang='lat' dir='ltr'><strong>dieunt</strong></span> <span class='ocrx_word' id='word_1_492' title='bbox 341 4155 421 4201; x_wconf 87' lang='lat' dir='ltr'><strong>opero,</strong></span> <span class='ocrx_word' id='word_1_493' title='bbox 436 4137 522 4198; x_wconf 89' lang='lat' dir='ltr'><strong>studio,</strong></span> <span class='ocrx_word' id='word_1_494' title='bbox 540 4137 656 4200; x_wconf 86' lang='lat' dir='ltr'><strong>beneficio,</strong></span> <span class='ocrx_word' id='word_1_495' title='bbox 668 4137 746 4202; x_wconf 86' lang='lat' dir='ltr'><strong>culpa,</strong></span> <span class='ocrx_word' id='word_1_496' title='bbox 751 4141 831 4202; x_wconf 83' lang='lat' dir='ltr'><strong>sacto.</strong></span> <span class='ocrx_word' id='word_1_497' title='bbox 850 4143 953 4191; x_wconf 79' lang='lat' dir='ltr'><strong>Tacitus</strong></span> <span class='ocrx_word' id='word_1_498' title='bbox 962 4143 979 4190; x_wconf 91' lang='lat' dir='ltr'><strong>l.</strong></span> <span class='ocrx_word' id='word_1_499' title='bbox 993 4140 1075 4203; x_wconf 80' lang='lat' dir='ltr'><strong>t[31]</strong></span> <span class='ocrx_word' id='word_1_500' title='bbox 1088 4143 1186 4193; x_wconf 78' lang='lat' dir='ltr'><strong>annal:</strong></span> <span class='ocrx_word' id='word_1_501' title='bbox 1199 4144 1288 4192; x_wconf 80' lang='lat' dir='ltr'><strong>nomine</strong></span> 
     </span>
     <span class='ocr_line' id='line_1_47' title="bbox 168 4219 1288 4291; baseline 0.008 -24"><span class='ocrx_word' id='word_1_502' title='bbox 168 4227 257 4268; x_wconf 87' lang='lat' dir='ltr'><strong>tontum</strong></span> <span class='ocrx_word' id='word_1_503' title='bbox 270 4226 293 4268; x_wconf 83' lang='lat' dir='ltr'><strong>et</strong></span> <span class='ocrx_word' id='word_1_504' title='bbox 303 4228 399 4270; x_wconf 86' lang='lat' dir='ltr'><strong>auctore</strong></span> <span class='ocrx_word' id='word_1_505' title='bbox 411 4239 475 4285; x_wconf 89' lang='lat' dir='ltr'><strong>opus,</strong></span> <span class='ocrx_word' id='word_1_506' title='bbox 488 4230 514 4271; x_wconf 91' lang='lat' dir='ltr'><strong>ut</strong></span> <span class='ocrx_word' id='word_1_507' title='bbox 524 4230 606 4287; x_wconf 88' lang='lat' dir='ltr'><strong>sponte</strong></span> <span class='ocrx_word' id='word_1_508' title='bbox 618 4219 738 4284; x_wconf 75' lang='lat' dir='ltr'><strong>damaris,</strong></span> <span class='ocrx_word' id='word_1_509' title='bbox 749 4232 775 4272; x_wconf 89' lang='lat' dir='ltr'><strong>ut</strong></span> <span class='ocrx_word' id='word_1_510' title='bbox 785 4240 858 4288; x_wconf 79' lang='lat' dir='ltr'><strong>penus</strong></span> <span class='ocrx_word' id='word_1_511' title='bbox 867 4223 976 4287; x_wconf 85' lang='lat' dir='ltr'><strong>Arsacis,</strong></span> <span class='ocrx_word' id='word_1_512' title='bbox 989 4225 1065 4290; x_wconf 85' lang='lat' dir='ltr'><strong>ripam</strong></span> <span class='ocrx_word' id='word_1_513' title='bbox 1078 4226 1145 4290; x_wconf 89' lang='lat' dir='ltr'><strong>apud</strong></span> <span class='ocrx_word' id='word_1_514' title='bbox 1155 4226 1288 4291; x_wconf 74' lang='lat' dir='ltr'><strong>Euphratis</strong></span> 
     </span>
    </p>
   </div>
   <div class='ocr_carea' id='block_1_3' title="bbox 0 0 1465 4794">
    <p class='ocr_par' dir='ltr' id='par_1_8' title="bbox 0 0 1465 4794">
     <span class='ocr_line' id='line_1_48' title="bbox 0 0 1465 4794; baseline 0 0"><span class='ocrx_word' id='word_1_515' title='bbox 0 0 1465 4794; x_wconf 95' lang='lat' dir='ltr'><strong> </strong></span> 
     </span>
    </p>
   </div>
  </div>
 </body>
</html>
