<?xml version="1.0" encoding="UTF-8"?>
<!DOCTYPE html PUBLIC "-//W3C//DTD XHTML 1.0 Transitional//EN"
    "http://www.w3.org/TR/xhtml1/DTD/xhtml1-transitional.dtd">
<html xmlns="http://www.w3.org/1999/xhtml" xml:lang="en" lang="en">
 <head>
  <title>
</title>
<meta http-equiv="Content-Type" content="text/html;charset=utf-8" />
  <meta name='ocr-system' content='tesseract 3.04.00' />
  <meta name='ocr-capabilities' content='ocr_page ocr_carea ocr_par ocr_line ocrx_word'/>
</head>
<body>
  <div class='ocr_page' id='page_1' title='image "./cplinisecundina14plingoog_0346.png"; bbox 0 0 2918 4794; ppageno 0'>
   <div class='ocr_carea' id='block_1_1' title="bbox 674 208 686 243">
    <p class='ocr_par' dir='ltr' id='par_1_1' title="bbox 674 208 686 243">
     <span class='ocr_line' id='line_1_1' title="bbox 674 208 686 243; baseline 0 0"><span class='ocrx_word' id='word_1_1' title='bbox 674 208 686 243; x_wconf 71' lang='grc'><strong>1</strong></span> 
     </span>
    </p>
   </div>
   <div class='ocr_carea' id='block_1_2' title="bbox 546 298 1283 362">
    <p class='ocr_par' dir='ltr' id='par_1_2' title="bbox 546 298 1283 362">
     <span class='ocr_line' id='line_1_2' title="bbox 546 298 1283 362; baseline -0.004 0"><span class='ocrx_word' id='word_1_2' title='bbox 546 319 650 362; x_wconf 78' lang='lat' dir='ltr'><strong>noran</strong></span> <span class='ocrx_word' id='word_1_3' title='bbox 666 319 709 360; x_wconf 82' lang='lat' dir='ltr'><strong>an</strong></span> <span class='ocrx_word' id='word_1_4' title='bbox 724 320 807 361; x_wconf 82' lang='grc'>11011.</span> <span class='ocrx_word' id='word_1_5' title='bbox 823 319 893 359; x_wconf 86' lang='grc'>11111.</span> <span class='ocrx_word' id='word_1_6' title='bbox 1244 298 1283 360; x_wconf 79' lang='grc'><strong>29</strong></span> 
     </span>
    </p>
   </div>
   <div class='ocr_carea' id='block_1_3' title="bbox 109 469 1399 4332">
    <p class='ocr_par' dir='ltr' id='par_1_3' title="bbox 163 469 1285 704">
     <span class='ocr_line' id='line_1_3' title="bbox 198 469 1285 535; baseline -0.005 -13"><span class='ocrx_word' id='word_1_7' title='bbox 198 471 251 535; x_wconf 89' lang='grc'>[92,</span> <span class='ocrx_word' id='word_1_8' title='bbox 267 470 326 533; x_wconf 84' lang='grc'>161]</span> <span class='ocrx_word' id='word_1_9' title='bbox 348 470 474 522; x_wconf 81' lang='lat' dir='ltr'><strong><em>Oculorum</em></strong></span> <span class='ocrx_word' id='word_1_10' title='bbox 486 469 669 534; x_wconf 88' lang='lat' dir='ltr'><strong>inflammationi</strong></span> <span class='ocrx_word' id='word_1_11' title='bbox 680 469 792 532; x_wconf 79' lang='lat' dir='ltr'><strong><em>illinitur]</em></strong></span> <span class='ocrx_word' id='word_1_12' title='bbox 815 471 865 520; x_wconf 87' lang='lat' dir='ltr'><strong>Hic</strong></span> <span class='ocrx_word' id='word_1_13' title='bbox 881 470 965 520; x_wconf 89' lang='lat' dir='ltr'><strong>subito</strong></span> <span class='ocrx_word' id='word_1_14' title='bbox 982 469 1066 518; x_wconf 88' lang='lat' dir='ltr'><strong>media</strong></span> <span class='ocrx_word' id='word_1_15' title='bbox 1081 469 1175 531; x_wconf 83' lang='lat' dir='ltr'><strong>pagina</strong></span> <span class='ocrx_word' id='word_1_16' title='bbox 1192 470 1285 519; x_wconf 90' lang='lat' dir='ltr'><strong>sistunt</strong></span> 
     </span>
     <span class='ocr_line' id='line_1_4' title="bbox 164 553 1282 620; baseline -0.002 -14"><span class='ocrx_word' id='word_1_17' title='bbox 164 557 304 618; x_wconf 78' lang='lat' dir='ltr'><strong>Gudianus,</strong></span> <span class='ocrx_word' id='word_1_18' title='bbox 321 557 421 620; x_wconf 82' lang='lat' dir='ltr'><strong>Andeg.</strong></span> <span class='ocrx_word' id='word_1_19' title='bbox 438 559 541 619; x_wconf 86' lang='lat' dir='ltr'><strong>Menap.</strong></span> <span class='ocrx_word' id='word_1_20' title='bbox 559 557 658 619; x_wconf 90' lang='lat' dir='ltr'><strong>reliquo</strong></span> <span class='ocrx_word' id='word_1_21' title='bbox 675 557 786 606; x_wconf 90' lang='lat' dir='ltr'><strong>eiusdem</strong></span> <span class='ocrx_word' id='word_1_22' title='bbox 804 555 901 618; x_wconf 81' lang='lat' dir='ltr'><strong>aliquot</strong></span> <span class='ocrx_word' id='word_1_23' title='bbox 916 555 1069 618; x_wconf 83' lang='lat' dir='ltr'><strong>paginarum</strong></span> <span class='ocrx_word' id='word_1_24' title='bbox 1084 554 1135 602; x_wconf 85' lang='grc'>1110</span> <span class='ocrx_word' id='word_1_25' title='bbox 1153 553 1282 604; x_wconf 84' lang='lat' dir='ltr'><strong>columna-</strong></span> 
     </span>
     <span class='ocr_line' id='line_1_5' title="bbox 163 639 1282 704; baseline -0.001 -15"><span class='ocrx_word' id='word_1_26' title='bbox 163 656 228 701; x_wconf 91' lang='grc'>111111,</span> <span class='ocrx_word' id='word_1_27' title='bbox 247 649 275 690; x_wconf 88' lang='lat' dir='ltr'><strong>ut</strong></span> <span class='ocrx_word' id='word_1_28' title='bbox 291 649 391 701; x_wconf 88' lang='lat' dir='ltr'><strong>vocant,</strong></span> <span class='ocrx_word' id='word_1_29' title='bbox 410 642 492 704; x_wconf 85' lang='lat' dir='ltr'><strong>spatio</strong></span> <span class='ocrx_word' id='word_1_30' title='bbox 508 645 597 689; x_wconf 82' lang='grc' dir='ltr'>11011οἱ</span> <span class='ocrx_word' id='word_1_31' title='bbox 620 640 720 690; x_wconf 81' lang='lat' dir='ltr'>Desunt</span> <span class='ocrx_word' id='word_1_32' title='bbox 737 639 830 700; x_wconf 88' lang='lat' dir='ltr'><strong>omnia,</strong></span> <span class='ocrx_word' id='word_1_33' title='bbox 848 655 913 703; x_wconf 89' lang='lat' dir='ltr'><strong>quae</strong></span> <span class='ocrx_word' id='word_1_34' title='bbox 931 639 991 688; x_wconf 88' lang='lat' dir='ltr'><strong>hino</strong></span> <span class='ocrx_word' id='word_1_35' title='bbox 1008 639 1187 688; x_wconf 80' lang='lat' dir='ltr'><strong>continuantur</strong></span> <span class='ocrx_word' id='word_1_36' title='bbox 1203 653 1282 701; x_wconf 88' lang='lat' dir='ltr'><strong>nsque</strong></span> 
     </span>
    </p>

    <p class='ocr_par' dir='ltr' id='par_1_4' title="bbox 109 721 1282 873">
     <span class='ocr_line' id='line_1_6' title="bbox 109 721 1282 789; baseline -0.003 -15"><span class='ocrx_word' id='word_1_37' title='bbox 109 738 118 753; x_wconf 81' lang='lat'><strong><em>‘</em></strong></span> <span class='ocrx_word' id='word_1_38' title='bbox 164 726 197 774; x_wconf 84' lang='lat' dir='ltr'><strong>ad</strong></span> <span class='ocrx_word' id='word_1_39' title='bbox 208 724 252 774; x_wconf 92' lang='lat' dir='ltr'><strong>lib.</strong></span> <span class='ocrx_word' id='word_1_40' title='bbox 266 730 307 775; x_wconf 77' lang='grc'><strong>22.</strong></span> <span class='ocrx_word' id='word_1_41' title='bbox 324 741 379 789; x_wconf 87' lang='lat' dir='ltr'><strong>cap.</strong></span> <span class='ocrx_word' id='word_1_42' title='bbox 393 731 433 774; x_wconf 88' lang='grc'><strong>21.</strong></span> <span class='ocrx_word' id='word_1_43' title='bbox 446 731 595 781; x_wconf 83' lang='lat' dir='ltr'><strong>extremum,</strong></span> <span class='ocrx_word' id='word_1_44' title='bbox 613 724 655 773; x_wconf 90' lang='lat' dir='ltr'><strong>ubi</strong></span> <span class='ocrx_word' id='word_1_45' title='bbox 672 731 719 773; x_wconf 89' lang='lat' dir='ltr'><strong>est:</strong></span> <span class='ocrx_word' id='word_1_46' title='bbox 739 723 890 788; x_wconf 85' lang='lat' dir='ltr'><strong>purqatioree</strong></span> <span class='ocrx_word' id='word_1_47' title='bbox 902 721 951 786; x_wconf 82' lang='lat' dir='ltr'><strong>(sic</strong></span> <span class='ocrx_word' id='word_1_48' title='bbox 963 725 1030 773; x_wconf 88' lang='lat' dir='ltr'><strong>enim</strong></span> <span class='ocrx_word' id='word_1_49' title='bbox 1043 724 1121 772; x_wconf 89' lang='lat' dir='ltr'><strong>iidem</strong></span> <span class='ocrx_word' id='word_1_50' title='bbox 1132 737 1178 786; x_wconf 86' lang='lat' dir='ltr'><strong>pro</strong></span> <span class='ocrx_word' id='word_1_51' title='bbox 1190 738 1282 786; x_wconf 87' lang='lat' dir='ltr'><strong>puqna-</strong></span> 
     </span>
     <span class='ocr_line' id='line_1_7' title="bbox 164 806 1082 873; baseline -0.001 -17"><span class='ocrx_word' id='word_1_52' title='bbox 164 808 315 871; x_wconf 80' lang='lat' dir='ltr'><strong>ciores)fieri</strong></span> <span class='ocrx_word' id='word_1_53' title='bbox 325 816 412 873; x_wconf 87' lang='lat' dir='ltr'><strong>putant</strong></span> <span class='ocrx_word' id='word_1_54' title='bbox 423 809 447 856; x_wconf 91' lang='lat' dir='ltr'><strong>in</strong></span> <span class='ocrx_word' id='word_1_55' title='bbox 460 807 534 856; x_wconf 89' lang='lat' dir='ltr'><strong>cibum</strong></span> <span class='ocrx_word' id='word_1_56' title='bbox 547 823 624 856; x_wconf 90' lang='lat' dir='ltr'><strong>eorum</strong></span> <span class='ocrx_word' id='word_1_57' title='bbox 636 806 735 870; x_wconf 86' lang='lat' dir='ltr'><strong>additis,</strong></span> <span class='ocrx_word' id='word_1_58' title='bbox 744 808 869 872; x_wconf 82' lang='lat' dir='ltr'><strong><em>pecorique</em></strong></span> <span class='ocrx_word' id='word_1_59' title='bbox 881 824 929 856; x_wconf 85' lang='lat' dir='ltr'><strong>esse</strong></span> <span class='ocrx_word' id='word_1_60' title='bbox 941 807 1082 857; x_wconf 84' lang='lat' dir='ltr'><strong>utilissimos.</strong></span> 
     </span>
    </p>

    <p class='ocr_par' dir='ltr' id='par_1_5' title="bbox 164 888 1369 1111">
     <span class='ocr_line' id='line_1_8' title="bbox 197 888 1284 956; baseline -0.006 -13"><span class='ocrx_word' id='word_1_61' title='bbox 197 892 262 943; x_wconf 79' lang='grc'>011.</span> <span class='ocrx_word' id='word_1_62' title='bbox 275 894 378 943; x_wconf 89' lang='lat' dir='ltr'>XXIII.</span> <span class='ocrx_word' id='word_1_63' title='bbox 397 891 450 955; x_wconf 57' lang='lat' dir='ltr'><strong>[Q</strong></span> <span class='ocrx_word' id='word_1_64' title='bbox 464 890 525 953; x_wconf 83' lang='grc'>165]</span> <span class='ocrx_word' id='word_1_65' title='bbox 548 891 607 940; x_wconf 85' lang='lat' dir='ltr'><strong>Flos</strong></span> <span class='ocrx_word' id='word_1_66' title='bbox 622 908 740 955; x_wconf 90' lang='lat' dir='ltr'><strong>nunquam</strong></span> <span class='ocrx_word' id='word_1_67' title='bbox 756 908 780 941; x_wconf 88' lang='lat' dir='ltr'><strong>se</strong></span> <span class='ocrx_word' id='word_1_68' title='bbox 796 891 881 956; x_wconf 89' lang='lat' dir='ltr'><strong>aperit,</strong></span> <span class='ocrx_word' id='word_1_69' title='bbox 898 891 946 940; x_wconf 88' lang='lat' dir='ltr'><strong>nisi</strong></span> <span class='ocrx_word' id='word_1_70' title='bbox 960 900 1028 941; x_wconf 88' lang='lat' dir='ltr'><strong>vento</strong></span> <span class='ocrx_word' id='word_1_71' title='bbox 1043 891 1162 955; x_wconf 75' lang='lat' dir='ltr'><em>spirante:</em></span> <span class='ocrx_word' id='word_1_72' title='bbox 1184 888 1245 938; x_wconf 92' lang='lat' dir='ltr'><strong>unde</strong></span> <span class='ocrx_word' id='word_1_73' title='bbox 1262 897 1284 937; x_wconf 90' lang='lat' dir='ltr'><strong>et</strong></span> 
     </span>
     <span class='ocr_line' id='line_1_9' title="bbox 164 966 1369 1040; baseline 0 -16"><span class='ocrx_word' id='word_1_74' title='bbox 164 993 245 1025; x_wconf 86' lang='lat' dir='ltr'><strong>nomen</strong></span> <span class='ocrx_word' id='word_1_75' title='bbox 261 975 363 1040; x_wconf 87' lang='lat' dir='ltr'><strong>accepit]</strong></span> <span class='ocrx_word' id='word_1_76' title='bbox 386 979 463 1028; x_wconf 90' lang='lat' dir='ltr'><strong>Voss.</strong></span> <span class='ocrx_word' id='word_1_77' title='bbox 480 992 598 1040; x_wconf 87' lang='lat' dir='ltr'><strong>accepere.</strong></span> <span class='ocrx_word' id='word_1_78' title='bbox 625 978 722 1040; x_wconf 84' lang='lat' dir='ltr'>Nempe</span> <span class='ocrx_word' id='word_1_79' title='bbox 740 991 889 1038; x_wconf 81' lang='lat' dir='ltr'><strong>anemonae,</strong></span> <span class='ocrx_word' id='word_1_80' title='bbox 906 992 1012 1040; x_wconf 88' lang='lat' dir='ltr'><strong>quarum</strong></span> <span class='ocrx_word' id='word_1_81' title='bbox 1029 978 1060 1026; x_wconf 95' lang='lat' dir='ltr'><strong>de</strong></span> <span class='ocrx_word' id='word_1_82' title='bbox 1076 976 1191 1039; x_wconf 85' lang='lat' dir='ltr'><strong>pluribus</strong></span> <span class='ocrx_word' id='word_1_83' title='bbox 1208 989 1284 1038; x_wconf 86' lang='lat' dir='ltr'><strong>gene·</strong></span> <span class='ocrx_word' id='word_1_84' title='bbox 1357 966 1369 975; x_wconf 77' lang='grc'>”</span> 
     </span>
     <span class='ocr_line' id='line_1_10' title="bbox 164 1061 404 1111; baseline 0.013 -3"><span class='ocrx_word' id='word_1_85' title='bbox 164 1061 232 1110; x_wconf 82' lang='lat' dir='ltr'><strong>ribus</strong></span> <span class='ocrx_word' id='word_1_86' title='bbox 244 1062 346 1111; x_wconf 88' lang='lat' dir='ltr'><strong>locutus</strong></span> <span class='ocrx_word' id='word_1_87' title='bbox 359 1069 404 1111; x_wconf 88' lang='lat' dir='ltr'><strong>est.</strong></span> 
     </span>
    </p>

    <p class='ocr_par' dir='ltr' id='par_1_6' title="bbox 164 1142 1286 1377">
     <span class='ocr_line' id='line_1_11' title="bbox 199 1142 1286 1209; baseline -0.004 -14"><span class='ocrx_word' id='word_1_88' title='bbox 199 1143 252 1207; x_wconf 81' lang='grc'>[94,</span> <span class='ocrx_word' id='word_1_89' title='bbox 269 1143 327 1205; x_wconf 92' lang='grc'>166]</span> <span class='ocrx_word' id='word_1_90' title='bbox 351 1145 425 1209; x_wconf 86' lang='lat' dir='ltr'><strong>Maqi</strong></span> <span class='ocrx_word' id='word_1_91' title='bbox 440 1144 534 1193; x_wconf 88' lang='lat' dir='ltr'><strong>multum</strong></span> <span class='ocrx_word' id='word_1_92' title='bbox 552 1143 645 1207; x_wconf 87' lang='lat' dir='ltr'><strong>quidem</strong></span> <span class='ocrx_word' id='word_1_93' title='bbox 661 1144 691 1193; x_wconf 81' lang='lat' dir='ltr'><strong>iis</strong></span> <span class='ocrx_word' id='word_1_94' title='bbox 708 1143 821 1207; x_wconf 89' lang='lat' dir='ltr'><strong>tribuere]</strong></span> <span class='ocrx_word' id='word_1_95' title='bbox 844 1145 942 1195; x_wconf 83' lang='lat' dir='ltr'><strong>Natant</strong></span> <span class='ocrx_word' id='word_1_96' title='bbox 958 1146 985 1194; x_wconf 90' lang='lat' dir='ltr'><strong>in</strong></span> <span class='ocrx_word' id='word_1_97' title='bbox 1002 1146 1117 1207; x_wconf 84' lang='lat' dir='ltr'><strong>margine</strong></span> <span class='ocrx_word' id='word_1_98' title='bbox 1134 1142 1239 1207; x_wconf 88' lang='lat' dir='ltr'><strong>quidem,</strong></span> <span class='ocrx_word' id='word_1_99' title='bbox 1257 1151 1286 1192; x_wconf 91' lang='lat' dir='ltr'><strong>ut</strong></span> 
     </span>
     <span class='ocr_line' id='line_1_12' title="bbox 164 1225 1285 1292; baseline -0.001 -16"><span class='ocrx_word' id='word_1_100' title='bbox 164 1237 190 1277; x_wconf 87' lang='lat' dir='ltr'><strong>ct</strong></span> <span class='ocrx_word' id='word_1_101' title='bbox 207 1229 232 1276; x_wconf 92' lang='lat' dir='ltr'><strong>in</strong></span> <span class='ocrx_word' id='word_1_102' title='bbox 250 1229 406 1278; x_wconf 87' lang='lat' dir='ltr'><strong>Academico</strong></span> <span class='ocrx_word' id='word_1_103' title='bbox 418 1237 474 1278; x_wconf 85' lang='lat' dir='ltr'><strong>est:</strong></span> <span class='ocrx_word' id='word_1_104' title='bbox 501 1231 543 1278; x_wconf 92' lang='lat' dir='ltr'><strong>sod</strong></span> <span class='ocrx_word' id='word_1_105' title='bbox 562 1230 703 1278; x_wconf 84' lang='lat' dir='ltr'><strong>Vossianus</strong></span> <span class='ocrx_word' id='word_1_106' title='bbox 722 1228 817 1278; x_wconf 87' lang='lat' dir='ltr'><strong>muitum</strong></span> <span class='ocrx_word' id='word_1_107' title='bbox 836 1228 957 1292; x_wconf 79' lang='lat' dir='ltr'><strong>quiddam.</strong></span> <span class='ocrx_word' id='word_1_108' title='bbox 986 1228 1029 1279; x_wconf 87' lang='lat' dir='ltr'><strong>Sic</strong></span> <span class='ocrx_word' id='word_1_109' title='bbox 1047 1229 1174 1288; x_wconf 81' lang='grc'>1111,22,2</span> <span class='ocrx_word' id='word_1_110' title='bbox 1194 1225 1230 1289; x_wconf 81' lang='grc'><strong>[3,</strong></span> <span class='ocrx_word' id='word_1_111' title='bbox 1244 1225 1285 1288; x_wconf 85' lang='lat'><strong>5]:</strong></span> 
     </span>
     <span class='ocr_line' id='line_1_13' title="bbox 164 1311 661 1377; baseline 0.006 -19"><span class='ocrx_word' id='word_1_112' title='bbox 164 1312 299 1360; x_wconf 81' lang='lat' dir='ltr'><strong>immensum</strong></span> <span class='ocrx_word' id='word_1_113' title='bbox 312 1311 425 1375; x_wconf 82' lang='lat' dir='ltr'><strong><em>quiddam</em></strong></span> <span class='ocrx_word' id='word_1_114' title='bbox 438 1321 460 1361; x_wconf 91' lang='lat' dir='ltr'><strong>et</strong></span> <span class='ocrx_word' id='word_1_115' title='bbox 472 1312 525 1361; x_wconf 83' lang='lat' dir='ltr'><strong>binc</strong></span> <span class='ocrx_word' id='word_1_116' title='bbox 536 1329 661 1377; x_wconf 86' lang='lat' dir='ltr'><strong>sunrpsere.</strong></span> 
     </span>
    </p>

    <p class='ocr_par' dir='ltr' id='par_1_7' title="bbox 165 1394 1355 2120">
     <span class='ocr_line' id='line_1_14' title="bbox 199 1394 1285 1461; baseline 0 -15"><span class='ocrx_word' id='word_1_117' title='bbox 199 1396 263 1446; x_wconf 77' lang='grc'>011.</span> <span class='ocrx_word' id='word_1_118' title='bbox 281 1399 381 1448; x_wconf 89' lang='lat' dir='ltr'>XXIX.</span> <span class='ocrx_word' id='word_1_119' title='bbox 401 1395 471 1458; x_wconf 90' lang='grc'>[103,</span> <span class='ocrx_word' id='word_1_120' title='bbox 491 1395 550 1458; x_wconf 86' lang='grc'>175]</span> <span class='ocrx_word' id='word_1_121' title='bbox 578 1397 677 1446; x_wconf 89' lang='lat' dir='ltr'><strong>Bibitur</strong></span> <span class='ocrx_word' id='word_1_122' title='bbox 693 1397 718 1445; x_wconf 87' lang='lat' dir='ltr'><strong>in</strong></span> <span class='ocrx_word' id='word_1_123' title='bbox 735 1398 876 1461; x_wconf 73' lang='lat' dir='ltr'><strong>suumquriu</strong></span> <span class='ocrx_word' id='word_1_124' title='bbox 892 1413 1017 1460; x_wconf 87' lang='lat' dir='ltr'><strong>renumque</strong></span> <span class='ocrx_word' id='word_1_125' title='bbox 1035 1394 1164 1458; x_wconf 88' lang='lat' dir='ltr'><strong>doloribus]</strong></span> <span class='ocrx_word' id='word_1_126' title='bbox 1180 1397 1285 1448; x_wconf 79' lang='grc'>,0111110-</span> 
     </span>
     <span class='ocr_line' id='line_1_15' title="bbox 165 1479 1285 1545; baseline 0 -15"><span class='ocrx_word' id='word_1_127' title='bbox 165 1481 248 1530; x_wconf 88' lang='lat' dir='ltr'><strong>tianus</strong></span> <span class='ocrx_word' id='word_1_128' title='bbox 260 1481 351 1528; x_wconf 73' lang='lat' dir='ltr'><strong>anseres</strong></span> <span class='ocrx_word' id='word_1_129' title='bbox 367 1495 414 1544; x_wconf 90' lang='lat' dir='ltr'><strong>pro</strong></span> <span class='ocrx_word' id='word_1_130' title='bbox 427 1479 554 1540; x_wconf 86' lang='lat' dir='ltr'><strong>doloribus,</strong></span> <span class='ocrx_word' id='word_1_131' title='bbox 568 1482 637 1530; x_wconf 90' lang='lat' dir='ltr'><strong>unde</strong></span> <span class='ocrx_word' id='word_1_132' title='bbox 653 1482 757 1544; x_wconf 88' lang='lat' dir='ltr'><strong>quidam</strong></span> <span class='ocrx_word' id='word_1_133' title='bbox 774 1479 896 1543; x_wconf 65' lang='lat' dir='ltr'><strong>nimbus,</strong></span> <span class='ocrx_word' id='word_1_134' title='bbox 912 1483 995 1545; x_wconf 86' lang='lat' dir='ltr'><strong>inquit</strong></span> <span class='ocrx_word' id='word_1_135' title='bbox 1006 1482 1194 1545; x_wconf 87' lang='lat' dir='ltr'><strong>Dalecampius.</strong></span> <span class='ocrx_word' id='word_1_136' title='bbox 1217 1482 1285 1531; x_wconf 91' lang='lat' dir='ltr'><strong>Vos-</strong></span> 
     </span>
     <span class='ocr_line' id='line_1_16' title="bbox 165 1563 1347 1628; baseline 0 -14"><span class='ocrx_word' id='word_1_137' title='bbox 165 1566 249 1614; x_wconf 90' lang='lat' dir='ltr'><strong>sianus</strong></span> <span class='ocrx_word' id='word_1_138' title='bbox 270 1580 372 1628; x_wconf 89' lang='lat' dir='ltr'><strong>quoque</strong></span> <span class='ocrx_word' id='word_1_139' title='bbox 392 1563 527 1628; x_wconf 89' lang='lat' dir='ltr'><strong>reniumque</strong></span> <span class='ocrx_word' id='word_1_140' title='bbox 548 1565 640 1612; x_wconf 84' lang='lat' dir='ltr'><strong>anseris</strong></span> <span class='ocrx_word' id='word_1_141' title='bbox 658 1564 730 1613; x_wconf 85' lang='lat' dir='ltr'><strong>tribus</strong></span> <span class='ocrx_word' id='word_1_142' title='bbox 746 1564 873 1615; x_wconf 73' lang='lat' dir='ltr'><strong>drachmis.</strong></span> <span class='ocrx_word' id='word_1_143' title='bbox 901 1566 1028 1628; x_wconf 82' lang='lat' dir='ltr'><strong>Cominio,</strong></span> <span class='ocrx_word' id='word_1_144' title='bbox 1049 1565 1183 1628; x_wconf 88' lang='lat' dir='ltr'><strong>reniumque</strong></span> <span class='ocrx_word' id='word_1_145' title='bbox 1198 1565 1285 1614; x_wconf 88' lang='lat' dir='ltr'><strong>arenis.</strong></span> <span class='ocrx_word' id='word_1_146' title='bbox 1331 1573 1347 1583; x_wconf 50' lang='lat'><strong>⁸</strong></span> 
     </span>
     <span class='ocr_line' id='line_1_17' title="bbox 165 1647 1284 1714; baseline 0.001 -15"><span class='ocrx_word' id='word_1_147' title='bbox 165 1648 208 1699; x_wconf 87' lang='lat' dir='ltr'><strong>Sic</strong></span> <span class='ocrx_word' id='word_1_148' title='bbox 224 1650 268 1698; x_wconf 86' lang='lat' dir='ltr'><strong>lib.</strong></span> <span class='ocrx_word' id='word_1_149' title='bbox 281 1656 322 1711; x_wconf 83' lang='lat'><strong>22,</strong></span> <span class='ocrx_word' id='word_1_150' title='bbox 336 1657 365 1699; x_wconf 93' lang='grc'><strong>21</strong></span> <span class='ocrx_word' id='word_1_151' title='bbox 386 1647 439 1712; x_wconf 82' lang='grc'>[29,</span> <span class='ocrx_word' id='word_1_152' title='bbox 454 1647 511 1710; x_wconf 80' lang='lat'><strong>59]:</strong></span> <span class='ocrx_word' id='word_1_153' title='bbox 533 1648 620 1698; x_wconf 89' lang='lat' dir='ltr'><strong>Potum</strong></span> <span class='ocrx_word' id='word_1_154' title='bbox 636 1648 663 1697; x_wconf 92' lang='lat' dir='ltr'><strong>id</strong></span> <span class='ocrx_word' id='word_1_155' title='bbox 675 1648 744 1712; x_wconf 87' lang='lat' dir='ltr'><strong>pellit</strong></span> <span class='ocrx_word' id='word_1_156' title='bbox 756 1650 849 1698; x_wconf 89' lang='lat' dir='ltr'><strong>taenias</strong></span> <span class='ocrx_word' id='word_1_157' title='bbox 861 1658 883 1698; x_wconf 91' lang='lat' dir='ltr'><strong>et</strong></span> <span class='ocrx_word' id='word_1_158' title='bbox 898 1651 987 1699; x_wconf 88' lang='lat' dir='ltr'><strong>renium</strong></span> <span class='ocrx_word' id='word_1_159' title='bbox 1000 1667 1094 1699; x_wconf 89' lang='lat' dir='ltr'><strong>arenas.</strong></span> <span class='ocrx_word' id='word_1_160' title='bbox 1117 1651 1151 1699; x_wconf 84' lang='lat' dir='ltr'><strong>Et</strong></span> <span class='ocrx_word' id='word_1_161' title='bbox 1162 1652 1284 1714; x_wconf 85' lang='lat' dir='ltr'><strong>sequenti,</strong></span> 
     </span>
     <span class='ocr_line' id='line_1_18' title="bbox 165 1730 1355 1797; baseline 0.001 -17"><span class='ocrx_word' id='word_1_162' title='bbox 165 1731 257 1796; x_wconf 89' lang='lat' dir='ltr'><strong>lapides</strong></span> <span class='ocrx_word' id='word_1_163' title='bbox 268 1733 366 1782; x_wconf 88' lang='lat' dir='ltr'><strong>renium.</strong></span> <span class='ocrx_word' id='word_1_164' title='bbox 385 1733 458 1794; x_wconf 89' lang='lat' dir='ltr'><strong>Item,</strong></span> <span class='ocrx_word' id='word_1_165' title='bbox 470 1730 612 1796; x_wconf 77' lang='lat' dir='ltr'><strong>calculisque</strong></span> <span class='ocrx_word' id='word_1_166' title='bbox 624 1741 646 1780; x_wconf 91' lang='lat' dir='ltr'><strong>et</strong></span> <span class='ocrx_word' id='word_1_167' title='bbox 657 1735 737 1781; x_wconf 81' lang='lat' dir='ltr'><strong>arenis</strong></span> <span class='ocrx_word' id='word_1_168' title='bbox 745 1732 863 1796; x_wconf 84' lang='lat' dir='ltr'><strong>pellendis</strong></span> <span class='ocrx_word' id='word_1_169' title='bbox 874 1743 897 1782; x_wconf 91' lang='lat' dir='ltr'><strong>et</strong></span> <span class='ocrx_word' id='word_1_170' title='bbox 907 1735 998 1784; x_wconf 79' lang='grc'>0011000</span> <span class='ocrx_word' id='word_1_171' title='bbox 1007 1734 1145 1797; x_wconf 81' lang='lat' dir='ltr'><strong>pruritibus.</strong></span> <span class='ocrx_word' id='word_1_172' title='bbox 1158 1735 1214 1784; x_wconf 86' lang='lat' dir='ltr'><strong>Lib.</strong></span> <span class='ocrx_word' id='word_1_173' title='bbox 1222 1741 1285 1795; x_wconf 88' lang='grc'>23,3</span> <span class='ocrx_word' id='word_1_174' title='bbox 1301 1737 1355 1794; x_wconf 45' lang='grc'><strong>782,</strong></span> 
     </span>
     <span class='ocr_line' id='line_1_19' title="bbox 166 1814 1286 1880; baseline -0.002 -14"><span class='ocrx_word' id='word_1_175' title='bbox 166 1814 219 1878; x_wconf 82' lang='grc'>[36,</span> <span class='ocrx_word' id='word_1_176' title='bbox 240 1816 297 1879; x_wconf 86' lang='lat'><strong>73]:</strong></span> <span class='ocrx_word' id='word_1_177' title='bbox 323 1815 450 1866; x_wconf 86' lang='lat' dir='ltr'><strong>Medcntur</strong></span> <span class='ocrx_word' id='word_1_178' title='bbox 472 1816 533 1864; x_wconf 87' lang='lat' dir='ltr'><strong>enim</strong></span> <span class='ocrx_word' id='word_1_179' title='bbox 555 1831 669 1864; x_wconf 88' lang='lat' dir='ltr'><strong>arenosae</strong></span> <span class='ocrx_word' id='word_1_180' title='bbox 691 1817 782 1866; x_wconf 87' lang='lat' dir='ltr'><strong>urinae.</strong></span> <span class='ocrx_word' id='word_1_181' title='bbox 814 1819 870 1867; x_wconf 85' lang='lat' dir='ltr'><strong>Lib.</strong></span> <span class='ocrx_word' id='word_1_182' title='bbox 890 1825 980 1879; x_wconf 87' lang='grc'>25,13</span> <span class='ocrx_word' id='word_1_183' title='bbox 1001 1816 1070 1880; x_wconf 85' lang='grc'>[106,</span> <span class='ocrx_word' id='word_1_184' title='bbox 1086 1816 1145 1878; x_wconf 84' lang='grc'>168]</span> <span class='ocrx_word' id='word_1_185' title='bbox 1164 1817 1286 1865; x_wconf 74' lang='lat' dir='ltr'><strong>extrahere</strong></span> 
     </span>
     <span class='ocr_line' id='line_1_20' title="bbox 165 1901 1285 1966; baseline 0.002 -17"><span class='ocrx_word' id='word_1_186' title='bbox 165 1901 258 1950; x_wconf 79' lang='lat' dir='ltr'><strong>renibus</strong></span> <span class='ocrx_word' id='word_1_187' title='bbox 273 1918 378 1950; x_wconf 86' lang='lat' dir='ltr'><strong>arenam.</strong></span> <span class='ocrx_word' id='word_1_188' title='bbox 400 1901 506 1964; x_wconf 84' lang='lat' dir='ltr'><strong>Semper</strong></span> <span class='ocrx_word' id='word_1_189' title='bbox 520 1908 607 1950; x_wconf 83' lang='lat' dir='ltr'><strong>autom</strong></span> <span class='ocrx_word' id='word_1_190' title='bbox 622 1903 706 1951; x_wconf 85' lang='lat' dir='ltr'><strong>codex</strong></span> <span class='ocrx_word' id='word_1_191' title='bbox 722 1903 834 1965; x_wconf 88' lang='lat' dir='ltr'><strong>optimus</strong></span> <span class='ocrx_word' id='word_1_192' title='bbox 851 1901 941 1950; x_wconf 89' lang='lat' dir='ltr'><strong>renium</strong></span> <span class='ocrx_word' id='word_1_193' title='bbox 958 1917 1004 1966; x_wconf 91' lang='lat' dir='ltr'><strong>pro</strong></span> <span class='ocrx_word' id='word_1_194' title='bbox 1022 1917 1112 1950; x_wconf 91' lang='lat' dir='ltr'><strong>renum:</strong></span> <span class='ocrx_word' id='word_1_195' title='bbox 1136 1903 1285 1965; x_wconf 89' lang='lat' dir='ltr'><strong>plerumque</strong></span> 
     </span>
     <span class='ocr_line' id='line_1_21' title="bbox 166 1984 1285 2049; baseline -0.003 -13"><span class='ocrx_word' id='word_1_196' title='bbox 166 1994 191 2036; x_wconf 90' lang='lat' dir='ltr'><strong>et</strong></span> <span class='ocrx_word' id='word_1_197' title='bbox 207 1987 259 2035; x_wconf 88' lang='lat' dir='ltr'><strong>alii.</strong></span> <span class='ocrx_word' id='word_1_198' title='bbox 281 1986 452 2035; x_wconf 82' lang='lat' dir='ltr'><strong>Academicus</strong></span> <span class='ocrx_word' id='word_1_199' title='bbox 472 1999 574 2048; x_wconf 90' lang='lat' dir='ltr'><strong>quoque</strong></span> <span class='ocrx_word' id='word_1_200' title='bbox 591 1985 633 2033; x_wconf 91' lang='lat' dir='ltr'><strong>hio</strong></span> <span class='ocrx_word' id='word_1_201' title='bbox 649 1984 761 2035; x_wconf 90' lang='lat' dir='ltr'><strong>mutilus.</strong></span> <span class='ocrx_word' id='word_1_202' title='bbox 785 1986 925 2037; x_wconf 82' lang='lat' dir='ltr'><strong>Continuat</strong></span> <span class='ocrx_word' id='word_1_203' title='bbox 942 1987 1021 2036; x_wconf 89' lang='lat' dir='ltr'><strong>enim:</strong></span> <span class='ocrx_word' id='word_1_204' title='bbox 1043 1985 1154 2049; x_wconf 85' lang='lat' dir='ltr'><strong>imposita</strong></span> <span class='ocrx_word' id='word_1_205' title='bbox 1169 1994 1193 2034; x_wconf 93' lang='lat' dir='ltr'><strong>et</strong></span> <span class='ocrx_word' id='word_1_206' title='bbox 1207 1985 1285 2034; x_wconf 89' lang='lat' dir='ltr'><strong>uulne-</strong></span> 
     </span>
     <span class='ocr_line' id='line_1_22' title="bbox 165 2067 1271 2120; baseline 0.001 -3"><span class='ocrx_word' id='word_1_207' title='bbox 165 2069 229 2118; x_wconf 84' lang='lat' dir='ltr'><strong>ribus</strong></span> <span class='ocrx_word' id='word_1_208' title='bbox 241 2070 327 2118; x_wconf 80' lang='lat' dir='ltr'><strong>bibitur</strong></span> <span class='ocrx_word' id='word_1_209' title='bbox 338 2069 408 2118; x_wconf 88' lang='lat' dir='ltr'><strong>etiam</strong></span> <span class='ocrx_word' id='word_1_210' title='bbox 421 2069 445 2117; x_wconf 89' lang='lat' dir='ltr'><strong>in</strong></span> <span class='ocrx_word' id='word_1_211' title='bbox 458 2067 549 2117; x_wconf 87' lang='lat' dir='ltr'><strong>duritia</strong></span> <span class='ocrx_word' id='word_1_212' title='bbox 561 2067 691 2120; x_wconf 80' lang='lat' dir='ltr'><strong>vulvarum.</strong></span> <span class='ocrx_word' id='word_1_213' title='bbox 1268 2083 1271 2087; x_wconf 86' lang='grc'><strong>’</strong></span> 
     </span>
    </p>

    <p class='ocr_par' dir='ltr' id='par_1_8' title="bbox 165 2147 1399 2553">
     <span class='ocr_line' id='line_1_23' title="bbox 199 2147 1285 2216; baseline 0 -12"><span class='ocrx_word' id='word_1_214' title='bbox 199 2147 263 2204; x_wconf 79' lang='grc'>011.</span> <span class='ocrx_word' id='word_1_215' title='bbox 276 2154 376 2204; x_wconf 90' lang='lat' dir='ltr'>XXXI.</span> <span class='ocrx_word' id='word_1_216' title='bbox 390 2151 460 2214; x_wconf 86' lang='lat'><strong>[105,</strong></span> <span class='ocrx_word' id='word_1_217' title='bbox 473 2151 533 2214; x_wconf 84' lang='grc'>178]</span> <span class='ocrx_word' id='word_1_218' title='bbox 551 2151 745 2202; x_wconf 81' lang='lat' dir='ltr'><strong>Demonstrandu</strong></span> <span class='ocrx_word' id='word_1_219' title='bbox 756 2153 869 2213; x_wconf 87' lang='lat' dir='ltr'><strong>remedia,</strong></span> <span class='ocrx_word' id='word_1_220' title='bbox 879 2170 924 2203; x_wconf 93' lang='lat' dir='ltr'><strong>non</strong></span> <span class='ocrx_word' id='word_1_221' title='bbox 936 2171 1032 2213; x_wconf 86' lang='lat' dir='ltr'><strong>uenena,</strong></span> <span class='ocrx_word' id='word_1_222' title='bbox 1045 2151 1170 2216; x_wconf 85' lang='lat' dir='ltr'><strong>tractante]</strong></span> <span class='ocrx_word' id='word_1_223' title='bbox 1184 2153 1285 2205; x_wconf 82' lang='lat' dir='ltr'><strong>Ohiflet.</strong></span> 
     </span>
     <span class='ocr_line' id='line_1_24' title="bbox 166 2237 1399 2307; baseline 0.002 -21"><span class='ocrx_word' id='word_1_224' title='bbox 166 2238 327 2287; x_wconf 86' lang='lat' dir='ltr'><strong>tractantibus.</strong></span> <span class='ocrx_word' id='word_1_225' title='bbox 352 2237 491 2288; x_wconf 88' lang='lat' dir='ltr'><strong>Subscribit</strong></span> <span class='ocrx_word' id='word_1_226' title='bbox 502 2238 656 2287; x_wconf 90' lang='lat' dir='ltr'><strong>Vossianus:</strong></span> <span class='ocrx_word' id='word_1_227' title='bbox 675 2239 719 2286; x_wconf 91' lang='lat' dir='ltr'><strong>sed</strong></span> <span class='ocrx_word' id='word_1_228' title='bbox 731 2240 809 2287; x_wconf 86' lang='lat' dir='ltr'><strong>habet</strong></span> <span class='ocrx_word' id='word_1_229' title='bbox 824 2247 955 2302; x_wconf 85' lang='lat' dir='ltr'><strong>praeterea</strong></span> <span class='ocrx_word' id='word_1_230' title='bbox 971 2237 1286 2301; x_wconf 77' lang='grc'>0011011000110,1111010-</span> <span class='ocrx_word' id='word_1_231' title='bbox 1360 2286 1371 2307; x_wconf 61' lang='lat'><strong>,</strong></span> <span class='ocrx_word' id='word_1_232' title='bbox 1389 2275 1399 2289; x_wconf 81' lang='grc'><strong>.</strong></span> 
     </span>
     <span class='ocr_line' id='line_1_25' title="bbox 165 2319 1287 2386; baseline 0.001 -16"><span class='ocrx_word' id='word_1_233' title='bbox 165 2330 236 2371; x_wconf 89' lang='lat' dir='ltr'><strong>ratur</strong></span> <span class='ocrx_word' id='word_1_234' title='bbox 252 2319 415 2380; x_wconf 76' lang='grc'>0111110110,</span> <span class='ocrx_word' id='word_1_235' title='bbox 432 2323 501 2384; x_wconf 88' lang='lat' dir='ltr'><strong>quod</strong></span> <span class='ocrx_word' id='word_1_236' title='bbox 517 2322 598 2370; x_wconf 90' lang='lat' dir='ltr'><strong>multo</strong></span> <span class='ocrx_word' id='word_1_237' title='bbox 615 2323 779 2372; x_wconf 89' lang='lat' dir='ltr'><strong>commodius.</strong></span> <span class='ocrx_word' id='word_1_238' title='bbox 806 2321 884 2371; x_wconf 85' lang='lat' dir='ltr'><strong>Tertio</strong></span> <span class='ocrx_word' id='word_1_239' title='bbox 900 2319 999 2386; x_wconf 84' lang='lat' dir='ltr'><strong>(generi</strong></span> <span class='ocrx_word' id='word_1_240' title='bbox 1016 2322 1142 2386; x_wconf 83' lang='lat' dir='ltr'><strong>strychni)</strong></span> <span class='ocrx_word' id='word_1_241' title='bbox 1153 2323 1221 2386; x_wconf 85' lang='lat' dir='ltr'><strong>folia</strong></span> <span class='ocrx_word' id='word_1_242' title='bbox 1232 2332 1287 2372; x_wconf 84' lang='lat' dir='ltr'><strong>sum</strong></span> 
     </span>
     <span class='ocr_line' id='line_1_26' title="bbox 166 2403 1286 2469; baseline 0.004 -15"><span class='ocrx_word' id='word_1_243' title='bbox 166 2405 245 2467; x_wconf 89' lang='lat' dir='ltr'><strong>ocimi,</strong></span> <span class='ocrx_word' id='word_1_244' title='bbox 263 2405 357 2453; x_wconf 88' lang='lat' dir='ltr'><strong>minime</strong></span> <span class='ocrx_word' id='word_1_245' title='bbox 373 2404 498 2469; x_wconf 86' lang='lat' dir='ltr'><strong>diliqenter</strong></span> <span class='ocrx_word' id='word_1_246' title='bbox 515 2403 696 2453; x_wconf 89' lang='lat' dir='ltr'><strong>demonstrando</strong></span> <span class='ocrx_word' id='word_1_247' title='bbox 712 2405 829 2467; x_wconf 88' lang='lat' dir='ltr'><strong>remedia,</strong></span> <span class='ocrx_word' id='word_1_248' title='bbox 848 2423 893 2455; x_wconf 92' lang='lat' dir='ltr'><strong>non</strong></span> <span class='ocrx_word' id='word_1_249' title='bbox 909 2423 1010 2468; x_wconf 89' lang='lat' dir='ltr'><strong>uenena,</strong></span> <span class='ocrx_word' id='word_1_250' title='bbox 1029 2407 1191 2458; x_wconf 77' lang='lat' dir='ltr'><strong>tractantibus.</strong></span> <span class='ocrx_word' id='word_1_251' title='bbox 1219 2408 1286 2459; x_wconf 87' lang='grc'>0011-</span> 
     </span>
     <span class='ocr_line' id='line_1_27' title="bbox 165 2490 1233 2553; baseline -0.001 -14"><span class='ocrx_word' id='word_1_252' title='bbox 165 2491 249 2539; x_wconf 89' lang='lat' dir='ltr'><strong>firmat</strong></span> <span class='ocrx_word' id='word_1_253' title='bbox 261 2497 396 2553; x_wconf 89' lang='lat' dir='ltr'><strong>utrumqne</strong></span> <span class='ocrx_word' id='word_1_254' title='bbox 408 2491 474 2539; x_wconf 91' lang='lat' dir='ltr'><strong>liber</strong></span> <span class='ocrx_word' id='word_1_255' title='bbox 484 2490 647 2539; x_wconf 84' lang='lat' dir='ltr'><strong>Academiae.</strong></span> <span class='ocrx_word' id='word_1_256' title='bbox 1230 2499 1233 2505; x_wconf 85' lang='grc'><strong>’</strong></span> 
     </span>
    </p>

    <p class='ocr_par' dir='ltr' id='par_1_9' title="bbox 164 2571 1289 3483">
     <span class='ocr_line' id='line_1_28' title="bbox 200 2571 1286 2642; baseline 0.004 -20"><span class='ocrx_word' id='word_1_257' title='bbox 200 2571 270 2634; x_wconf 85' lang='grc'>[105,</span> <span class='ocrx_word' id='word_1_258' title='bbox 286 2572 345 2635; x_wconf 84' lang='grc'>179]</span> <span class='ocrx_word' id='word_1_259' title='bbox 368 2573 416 2632; x_wconf 78' lang='lat' dir='ltr'><strong>Qui</strong></span> <span class='ocrx_word' id='word_1_260' title='bbox 426 2575 523 2638; x_wconf 85' lang='lat' dir='ltr'><strong>parcius</strong></span> <span class='ocrx_word' id='word_1_261' title='bbox 535 2581 707 2637; x_wconf 82' lang='lat' dir='ltr'><strong>spectaverant,</strong></span> <span class='ocrx_word' id='word_1_262' title='bbox 725 2575 833 2625; x_wconf 88' lang='lat' dir='ltr'><strong>manicon</strong></span> <span class='ocrx_word' id='word_1_263' title='bbox 846 2575 1049 2642; x_wconf 85' lang='lat' dir='ltr'><strong>coquominauere]</strong></span> <span class='ocrx_word' id='word_1_264' title='bbox 1069 2576 1111 2627; x_wconf 87' lang='lat' dir='ltr'><strong>Sic</strong></span> <span class='ocrx_word' id='word_1_265' title='bbox 1122 2578 1286 2638; x_wconf 87' lang='lat' dir='ltr'><strong>Hermolaus,</strong></span> 
     </span>
     <span class='ocr_line' id='line_1_29' title="bbox 166 2658 1286 2726; baseline 0.005 -20"><span class='ocrx_word' id='word_1_266' title='bbox 166 2665 308 2719; x_wconf 84' lang='lat' dir='ltr'><strong>comesset,</strong></span> <span class='ocrx_word' id='word_1_267' title='bbox 324 2659 483 2722; x_wconf 83' lang='lat' dir='ltr'><strong>spectabatur,</strong></span> <span class='ocrx_word' id='word_1_268' title='bbox 501 2658 567 2722; x_wconf 85' lang='lat' dir='ltr'><strong>maqi</strong></span> <span class='ocrx_word' id='word_1_269' title='bbox 578 2659 777 2724; x_wconf 88' lang='lat' dir='ltr'><strong>coqnominauere.</strong></span> <span class='ocrx_word' id='word_1_270' title='bbox 801 2662 913 2712; x_wconf 88' lang='lat' dir='ltr'><strong>Pintiani</strong></span> <span class='ocrx_word' id='word_1_271' title='bbox 930 2662 1001 2722; x_wconf 88' lang='lat' dir='ltr'><strong>liber,</strong></span> <span class='ocrx_word' id='word_1_272' title='bbox 1019 2661 1205 2724; x_wconf 77' lang='lat' dir='ltr'><strong>inspectabatur3</strong></span> <span class='ocrx_word' id='word_1_273' title='bbox 1223 2663 1286 2726; x_wconf 88' lang='lat' dir='ltr'><strong>ipse,</strong></span> 
     </span>
     <span class='ocr_line' id='line_1_30' title="bbox 165 2738 1287 2810; baseline 0.007 -20"><span class='ocrx_word' id='word_1_274' title='bbox 165 2742 207 2804; x_wconf 92' lang='lat' dir='ltr'><strong>qui</strong></span> <span class='ocrx_word' id='word_1_275' title='bbox 214 2743 312 2806; x_wconf 88' lang='lat' dir='ltr'><strong>parcius</strong></span> <span class='ocrx_word' id='word_1_276' title='bbox 324 2742 349 2791; x_wconf 89' lang='lat' dir='ltr'><strong>in</strong></span> <span class='ocrx_word' id='word_1_277' title='bbox 360 2743 390 2792; x_wconf 84' lang='lat' dir='ltr'><strong>iis</strong></span> <span class='ocrx_word' id='word_1_278' title='bbox 398 2738 537 2807; x_wconf 88' lang='lat' dir='ltr'><strong>peccabant.</strong></span> <span class='ocrx_word' id='word_1_279' title='bbox 557 2744 657 2795; x_wconf 84' lang='lat' dir='ltr'><strong>Chiflet.</strong></span> <span class='ocrx_word' id='word_1_280' title='bbox 670 2745 840 2810; x_wconf 84' lang='lat' dir='ltr'><strong>inspectabunt,</strong></span> <span class='ocrx_word' id='word_1_281' title='bbox 853 2747 960 2796; x_wconf 88' lang='lat' dir='ltr'><strong>manicon</strong></span> <span class='ocrx_word' id='word_1_282' title='bbox 973 2746 1129 2795; x_wconf 87' lang='lat' dir='ltr'><strong>nominavere.</strong></span> <span class='ocrx_word' id='word_1_283' title='bbox 1147 2747 1287 2798; x_wconf 83' lang='lat' dir='ltr'><strong>Vossianus</strong></span> 
     </span>
     <span class='ocr_line' id='line_1_31' title="bbox 165 2826 1286 2895; baseline 0.005 -21"><span class='ocrx_word' id='word_1_284' title='bbox 165 2826 365 2889; x_wconf 78' lang='lat' dir='ltr'><strong>importabantur,</strong></span> <span class='ocrx_word' id='word_1_285' title='bbox 376 2829 547 2878; x_wconf 85' lang='lat' dir='ltr'><strong>Academicus</strong></span> <span class='ocrx_word' id='word_1_286' title='bbox 561 2831 739 2892; x_wconf 83' lang='lat' dir='ltr'><strong>spectabantur:</strong></span> <span class='ocrx_word' id='word_1_287' title='bbox 757 2839 863 2895; x_wconf 89' lang='lat' dir='ltr'><strong>uterque</strong></span> <span class='ocrx_word' id='word_1_288' title='bbox 875 2840 961 2881; x_wconf 90' lang='lat' dir='ltr'><strong>autem</strong></span> <span class='ocrx_word' id='word_1_289' title='bbox 973 2840 999 2881; x_wconf 90' lang='lat' dir='ltr'><strong>et</strong></span> <span class='ocrx_word' id='word_1_290' title='bbox 1009 2831 1118 2880; x_wconf 88' lang='lat' dir='ltr'><strong>manicon</strong></span> <span class='ocrx_word' id='word_1_291' title='bbox 1130 2831 1286 2881; x_wconf 85' lang='lat' dir='ltr'><strong>nominavere.</strong></span> 
     </span>
     <span class='ocr_line' id='line_1_32' title="bbox 165 2899 1287 2975; baseline 0.005 -15"><span class='ocrx_word' id='word_1_292' title='bbox 165 2913 238 2971; x_wconf 86' lang='lat' dir='ltr'><strong>Fuit,</strong></span> <span class='ocrx_word' id='word_1_293' title='bbox 261 2912 363 2974; x_wconf 80' lang='lat' dir='ltr'><strong>opinor:</strong></span> <span class='ocrx_word' id='word_1_294' title='bbox 394 2910 443 2968; x_wconf 80' lang='lat' dir='ltr'><strong>Qui</strong></span> <span class='ocrx_word' id='word_1_295' title='bbox 458 2911 558 2975; x_wconf 89' lang='lat' dir='ltr'><strong>parcius</strong></span> <span class='ocrx_word' id='word_1_296' title='bbox 578 2913 767 2975; x_wconf 87' lang='lat' dir='ltr'><strong>insectabantur,</strong></span> <span class='ocrx_word' id='word_1_297' title='bbox 789 2916 896 2964; x_wconf 87' lang='lat' dir='ltr'><strong>manicon</strong></span> <span class='ocrx_word' id='word_1_298' title='bbox 917 2915 1072 2965; x_wconf 85' lang='lat' dir='ltr'><strong>nominavere.</strong></span> <span class='ocrx_word' id='word_1_299' title='bbox 1102 2917 1164 2966; x_wconf 84' lang='lat' dir='ltr'><strong>Tria</strong></span> <span class='ocrx_word' id='word_1_300' title='bbox 1183 2899 1287 2967; x_wconf 83' lang='lat' dir='ltr'><strong>nomina</strong></span> 
     </span>
     <span class='ocr_line' id='line_1_33' title="bbox 166 2994 1286 3061; baseline 0.004 -17"><span class='ocrx_word' id='word_1_301' title='bbox 166 2995 259 3044; x_wconf 82' lang='lat' dir='ltr'><strong>noxiae</strong></span> <span class='ocrx_word' id='word_1_302' title='bbox 271 2996 305 3043; x_wconf 84' lang='lat' dir='ltr'><strong>ait</strong></span> <span class='ocrx_word' id='word_1_303' title='bbox 317 2994 411 3043; x_wconf 86' lang='lat' dir='ltr'><strong>herbae</strong></span> <span class='ocrx_word' id='word_1_304' title='bbox 423 2995 552 3058; x_wconf 87' lang='lat' dir='ltr'><strong>imposita:</strong></span> <span class='ocrx_word' id='word_1_305' title='bbox 576 2995 775 3045; x_wconf 83' lang='lat' dir='ltr'><strong>innocentissimos</strong></span> <span class='ocrx_word' id='word_1_306' title='bbox 789 3006 904 3058; x_wconf 86' lang='lat' dir='ltr'><strong>auctores,</strong></span> <span class='ocrx_word' id='word_1_307' title='bbox 921 3000 964 3061; x_wconf 90' lang='lat' dir='ltr'><strong>qui</strong></span> <span class='ocrx_word' id='word_1_308' title='bbox 980 2999 1103 3049; x_wconf 82' lang='lat' dir='ltr'><strong>infamare</strong></span> <span class='ocrx_word' id='word_1_309' title='bbox 1118 3000 1189 3048; x_wconf 88' lang='lat' dir='ltr'><strong>illam</strong></span> <span class='ocrx_word' id='word_1_310' title='bbox 1200 3002 1286 3049; x_wconf 91' lang='lat' dir='ltr'><strong>volue-</strong></span> 
     </span>
     <span class='ocr_line' id='line_1_34' title="bbox 164 3079 1289 3146; baseline 0.003 -18"><span class='ocrx_word' id='word_1_311' title='bbox 164 3080 223 3139; x_wconf 90' lang='lat' dir='ltr'><strong>rint,</strong></span> <span class='ocrx_word' id='word_1_312' title='bbox 241 3086 266 3128; x_wconf 92' lang='lat' dir='ltr'><strong>et</strong></span> <span class='ocrx_word' id='word_1_313' title='bbox 283 3085 406 3142; x_wconf 87' lang='lat' dir='ltr'><strong>quantum</strong></span> <span class='ocrx_word' id='word_1_314' title='bbox 423 3079 449 3126; x_wconf 93' lang='lat' dir='ltr'><strong>in</strong></span> <span class='ocrx_word' id='word_1_315' title='bbox 466 3079 603 3141; x_wconf 74' lang='lat' dir='ltr'><strong>ipsismet,</strong></span> <span class='ocrx_word' id='word_1_316' title='bbox 621 3093 716 3141; x_wconf 84' lang='lat' dir='ltr'><strong>cavere,</strong></span> <span class='ocrx_word' id='word_1_317' title='bbox 733 3096 765 3131; x_wconf 92' lang='lat' dir='ltr'><strong>ne</strong></span> <span class='ocrx_word' id='word_1_318' title='bbox 783 3083 823 3130; x_wconf 90' lang='lat' dir='ltr'><strong>cui</strong></span> <span class='ocrx_word' id='word_1_319' title='bbox 840 3090 951 3142; x_wconf 91' lang='lat' dir='ltr'><strong>noceret,</strong></span> <span class='ocrx_word' id='word_1_320' title='bbox 968 3097 1072 3132; x_wconf 87' lang='lat' dir='ltr'><strong>vocasse</strong></span> <span class='ocrx_word' id='word_1_321' title='bbox 1090 3081 1289 3146; x_wconf 78' lang='lat' dir='ltr'><strong>dorycnion2qui</strong></span> 
     </span>
     <span class='ocr_line' id='line_1_35' title="bbox 166 3149 1286 3230; baseline 0 -16"><span class='ocrx_word' id='word_1_322' title='bbox 166 3164 270 3228; x_wconf 88' lang='lat' dir='ltr'><strong>nequiter</strong></span> <span class='ocrx_word' id='word_1_323' title='bbox 285 3161 432 3211; x_wconf 85' lang='lat' dir='ltr'><strong>occultabunt</strong></span> <span class='ocrx_word' id='word_1_324' title='bbox 449 3169 474 3212; x_wconf 90' lang='grc'><strong>01</strong></span> <span class='ocrx_word' id='word_1_325' title='bbox 489 3164 558 3212; x_wconf 86' lang='lat' dir='ltr'><strong>virus</strong></span> <span class='ocrx_word' id='word_1_326' title='bbox 573 3165 627 3214; x_wconf 89' lang='lat' dir='ltr'><strong>eius</strong></span> <span class='ocrx_word' id='word_1_327' title='bbox 645 3179 678 3214; x_wconf 82' lang='lat' dir='ltr'><strong>ex</strong></span> <span class='ocrx_word' id='word_1_328' title='bbox 689 3167 792 3216; x_wconf 91' lang='lat' dir='ltr'><strong>nomine</strong></span> <span class='ocrx_word' id='word_1_329' title='bbox 804 3174 893 3215; x_wconf 88' lang='lat' dir='ltr'><strong>notum</strong></span> <span class='ocrx_word' id='word_1_330' title='bbox 906 3149 1036 3226; x_wconf 87' lang='lat' dir='ltr'><strong>nolebant,</strong></span> <span class='ocrx_word' id='word_1_331' title='bbox 1053 3165 1164 3230; x_wconf 77' lang='lat' dir='ltr'><strong>erptbron</strong></span> <span class='ocrx_word' id='word_1_332' title='bbox 1176 3176 1220 3216; x_wconf 87' lang='lat' dir='ltr'><strong>aut</strong></span> <span class='ocrx_word' id='word_1_333' title='bbox 1231 3183 1286 3215; x_wconf 88' lang='lat' dir='ltr'><strong>neu-</strong></span> 
     </span>
     <span class='ocr_line' id='line_1_36' title="bbox 165 3247 1286 3314; baseline 0.003 -17"><span class='ocrx_word' id='word_1_334' title='bbox 165 3247 239 3298; x_wconf 85' lang='lat' dir='ltr'><strong>rada:</strong></span> <span class='ocrx_word' id='word_1_335' title='bbox 264 3250 307 3312; x_wconf 89' lang='lat' dir='ltr'><strong>qui</strong></span> <span class='ocrx_word' id='word_1_336' title='bbox 323 3247 433 3297; x_wconf 89' lang='lat' dir='ltr'><strong>mediam</strong></span> <span class='ocrx_word' id='word_1_337' title='bbox 452 3249 532 3297; x_wconf 88' lang='lat' dir='ltr'><strong>secuti</strong></span> <span class='ocrx_word' id='word_1_338' title='bbox 548 3256 607 3298; x_wconf 92' lang='lat' dir='ltr'><strong>sunt</strong></span> <span class='ocrx_word' id='word_1_339' title='bbox 623 3250 702 3311; x_wconf 90' lang='lat' dir='ltr'><strong>viam,</strong></span> <span class='ocrx_word' id='word_1_340' title='bbox 720 3257 817 3299; x_wconf 90' lang='lat' dir='ltr'><strong>utnon</strong></span> <span class='ocrx_word' id='word_1_341' title='bbox 834 3257 1002 3314; x_wconf 86' lang='lat' dir='ltr'><strong>perterrerent</strong></span> <span class='ocrx_word' id='word_1_342' title='bbox 1018 3251 1143 3300; x_wconf 90' lang='lat' dir='ltr'><strong>vocabulo</strong></span> <span class='ocrx_word' id='word_1_343' title='bbox 1160 3259 1185 3299; x_wconf 89' lang='lat' dir='ltr'><strong>et</strong></span> <span class='ocrx_word' id='word_1_344' title='bbox 1202 3259 1286 3300; x_wconf 88' lang='lat' dir='ltr'><strong>tumen</strong></span> 
     </span>
     <span class='ocr_line' id='line_1_37' title="bbox 166 3329 1287 3397; baseline 0.003 -16"><span class='ocrx_word' id='word_1_345' title='bbox 166 3336 327 3384; x_wconf 89' lang='lat' dir='ltr'><strong>ostenderent</strong></span> <span class='ocrx_word' id='word_1_346' title='bbox 342 3332 444 3382; x_wconf 90' lang='lat' dir='ltr'><strong>subesse</strong></span> <span class='ocrx_word' id='word_1_347' title='bbox 463 3333 524 3394; x_wconf 87' lang='lat' dir='ltr'><strong>quid</strong></span> <span class='ocrx_word' id='word_1_348' title='bbox 536 3333 650 3396; x_wconf 86' lang='lat' dir='ltr'><strong>periculi,</strong></span> <span class='ocrx_word' id='word_1_349' title='bbox 667 3350 711 3384; x_wconf 86' lang='lat' dir='ltr'><strong>eos</strong></span> <span class='ocrx_word' id='word_1_350' title='bbox 723 3335 818 3386; x_wconf 84' lang='lat' dir='ltr'><strong>dixisse</strong></span> <span class='ocrx_word' id='word_1_351' title='bbox 829 3329 959 3397; x_wconf 72' lang='lat' dir='ltr'><strong>Menenia,</strong></span> <span class='ocrx_word' id='word_1_352' title='bbox 978 3335 1100 3385; x_wconf 84' lang='lat' dir='ltr'><strong>insaniam</strong></span> <span class='ocrx_word' id='word_1_353' title='bbox 1119 3334 1220 3394; x_wconf 89' lang='lat' dir='ltr'><strong>scilieet,</strong></span> <span class='ocrx_word' id='word_1_354' title='bbox 1235 3350 1287 3384; x_wconf 92' lang='lat' dir='ltr'><strong>non</strong></span> 
     </span>
     <span class='ocr_line' id='line_1_38' title="bbox 165 3418 943 3483; baseline 0.003 -15"><span class='ocrx_word' id='word_1_355' title='bbox 165 3426 321 3483; x_wconf 88' lang='lat' dir='ltr'><strong>praesentem</strong></span> <span class='ocrx_word' id='word_1_356' title='bbox 334 3425 451 3479; x_wconf 91' lang='lat' dir='ltr'><strong>mortem,</strong></span> <span class='ocrx_word' id='word_1_357' title='bbox 465 3418 518 3468; x_wconf 90' lang='lat' dir='ltr'><strong>eius</strong></span> <span class='ocrx_word' id='word_1_358' title='bbox 530 3434 579 3468; x_wconf 89' lang='lat' dir='ltr'><strong>usu</strong></span> <span class='ocrx_word' id='word_1_359' title='bbox 591 3422 752 3469; x_wconf 84' lang='lat' dir='ltr'><strong>metuendum</strong></span> <span class='ocrx_word' id='word_1_360' title='bbox 765 3419 943 3482; x_wconf 84' lang='lat' dir='ltr'><strong>significantes.</strong></span> 
     </span>
    </p>

    <p class='ocr_par' dir='ltr' id='par_1_10' title="bbox 159 3500 1340 4332">
     <span class='ocr_line' id='line_1_39' title="bbox 201 3500 1287 3569; baseline 0.002 -16"><span class='ocrx_word' id='word_1_361' title='bbox 201 3501 270 3564; x_wconf 86' lang='lat'>[105‚</span> <span class='ocrx_word' id='word_1_362' title='bbox 287 3500 346 3563; x_wconf 82' lang='lat'>180]</span> <span class='ocrx_word' id='word_1_363' title='bbox 369 3501 439 3551; x_wconf 89' lang='lat' dir='ltr'><strong>Mira</strong></span> <span class='ocrx_word' id='word_1_364' title='bbox 454 3502 600 3551; x_wconf 85' lang='lat' dir='ltr'><strong>innocentiae</strong></span> <span class='ocrx_word' id='word_1_365' title='bbox 616 3502 741 3566; x_wconf 85' lang='lat' dir='ltr'><strong>obliuione]</strong></span> <span class='ocrx_word' id='word_1_366' title='bbox 764 3505 946 3569; x_wconf 84' lang='lat' dir='ltr'><strong>Dulecnmpius</strong></span> <span class='ocrx_word' id='word_1_367' title='bbox 962 3504 1068 3566; x_wconf 85' lang='lat' dir='ltr'><strong>format,</strong></span> <span class='ocrx_word' id='word_1_368' title='bbox 1086 3505 1148 3554; x_wconf 87' lang='lat' dir='ltr'><strong>mira</strong></span> <span class='ocrx_word' id='word_1_369' title='bbox 1165 3504 1287 3555; x_wconf 84' lang='lat' dir='ltr'><strong>oblivionis</strong></span> 
     </span>
     <span class='ocr_line' id='line_1_40' title="bbox 166 3585 1286 3653; baseline 0.006 -21"><span class='ocrx_word' id='word_1_370' title='bbox 166 3585 310 3635; x_wconf 87' lang='lat' dir='ltr'><strong>innocentia:</strong></span> <span class='ocrx_word' id='word_1_371' title='bbox 331 3586 428 3635; x_wconf 86' lang='lat' dir='ltr'><strong>adferre</strong></span> <span class='ocrx_word' id='word_1_372' title='bbox 441 3588 507 3636; x_wconf 90' lang='lat' dir='ltr'><strong>enim</strong></span> <span class='ocrx_word' id='word_1_373' title='bbox 521 3587 676 3637; x_wconf 86' lang='lat' dir='ltr'><strong>oblivionem</strong></span> <span class='ocrx_word' id='word_1_374' title='bbox 688 3589 727 3649; x_wconf 88' lang='lat' dir='ltr'><strong>iis,</strong></span> <span class='ocrx_word' id='word_1_375' title='bbox 740 3590 784 3652; x_wconf 90' lang='lat' dir='ltr'><strong>qui</strong></span> <span class='ocrx_word' id='word_1_376' title='bbox 796 3597 966 3653; x_wconf 89' lang='lat' dir='ltr'><strong>sumpserunt,</strong></span> <span class='ocrx_word' id='word_1_377' title='bbox 979 3591 1022 3639; x_wconf 90' lang='lat' dir='ltr'><strong>sed</strong></span> <span class='ocrx_word' id='word_1_378' title='bbox 1035 3591 1098 3639; x_wconf 90' lang='lat' dir='ltr'><strong>citra</strong></span> <span class='ocrx_word' id='word_1_379' title='bbox 1109 3605 1206 3639; x_wconf 85' lang='lat' dir='ltr'><strong>noxam</strong></span> <span class='ocrx_word' id='word_1_380' title='bbox 1218 3590 1286 3639; x_wconf 86' lang='lat' dir='ltr'><strong>vale·</strong></span> 
     </span>
     <span class='ocr_line' id='line_1_41' title="bbox 166 3672 1286 3737; baseline 0.004 -18"><span class='ocrx_word' id='word_1_381' title='bbox 166 3672 267 3722; x_wconf 88' lang='lat' dir='ltr'><strong>tudinis.</strong></span> <span class='ocrx_word' id='word_1_382' title='bbox 284 3672 426 3732; x_wconf 88' lang='lat' dir='ltr'><strong>Pintianus,</strong></span> <span class='ocrx_word' id='word_1_383' title='bbox 444 3672 503 3735; x_wconf 88' lang='lat' dir='ltr'><strong>quia</strong></span> <span class='ocrx_word' id='word_1_384' title='bbox 520 3672 657 3722; x_wconf 88' lang='lat' dir='ltr'><strong>Parmense</strong></span> <span class='ocrx_word' id='word_1_385' title='bbox 674 3673 804 3737; x_wconf 86' lang='lat' dir='ltr'><strong>exemplar</strong></span> <span class='ocrx_word' id='word_1_386' title='bbox 821 3672 952 3722; x_wconf 84' lang='lat' dir='ltr'><strong>inducentis</strong></span> <span class='ocrx_word' id='word_1_387' title='bbox 967 3689 1013 3737; x_wconf 90' lang='lat' dir='ltr'><strong>pro</strong></span> <span class='ocrx_word' id='word_1_388' title='bbox 1031 3673 1185 3735; x_wconf 87' lang='lat' dir='ltr'><strong>innocentiae,</strong></span> <span class='ocrx_word' id='word_1_389' title='bbox 1202 3676 1286 3723; x_wconf 88' lang='lat' dir='ltr'><strong>conie-</strong></span> 
     </span>
     <span class='ocr_line' id='line_1_42' title="bbox 159 3754 1286 3821; baseline 0.004 -17"><span class='ocrx_word' id='word_1_390' title='bbox 159 3754 230 3804; x_wconf 73' lang='grc'>’01011</span> <span class='ocrx_word' id='word_1_391' title='bbox 247 3755 309 3803; x_wconf 86' lang='lat' dir='ltr'><strong>mira</strong></span> <span class='ocrx_word' id='word_1_392' title='bbox 322 3754 434 3804; x_wconf 85' lang='lat' dir='ltr'><strong>obliuione</strong></span> <span class='ocrx_word' id='word_1_393' title='bbox 446 3754 478 3804; x_wconf 79' lang='lat' dir='ltr'><strong>ti.</strong></span> <span class='ocrx_word' id='word_1_394' title='bbox 496 3755 614 3805; x_wconf 86' lang='lat' dir='ltr'><strong>Docentes</strong></span> <span class='ocrx_word' id='word_1_395' title='bbox 626 3755 719 3820; x_wconf 85' lang='lat' dir='ltr'><strong>quippe.</strong></span> <span class='ocrx_word' id='word_1_396' title='bbox 738 3758 864 3808; x_wconf 83' lang='lat' dir='ltr'><strong>Nimirum</strong></span> <span class='ocrx_word' id='word_1_397' title='bbox 881 3760 934 3808; x_wconf 89' lang='lat' dir='ltr'><strong>iam</strong></span> <span class='ocrx_word' id='word_1_398' title='bbox 945 3761 977 3808; x_wconf 89' lang='lat' dir='ltr'><strong>ab</strong></span> <span class='ocrx_word' id='word_1_399' title='bbox 990 3758 1028 3808; x_wconf 92' lang='lat' dir='ltr'><strong>Io.</strong></span> <span class='ocrx_word' id='word_1_400' title='bbox 1046 3759 1151 3808; x_wconf 81' lang='lat' dir='ltr'><strong>Andreo</strong></span> <span class='ocrx_word' id='word_1_401' title='bbox 1162 3774 1242 3821; x_wconf 89' lang='lat' dir='ltr'><strong>usque</strong></span> <span class='ocrx_word' id='word_1_402' title='bbox 1254 3762 1286 3808; x_wconf 86' lang='lat' dir='ltr'><strong>sd</strong></span> 
     </span>
     <span class='ocr_line' id='line_1_43' title="bbox 167 3839 1285 3904; baseline 0.004 -16"><span class='ocrx_word' id='word_1_403' title='bbox 167 3839 309 3900; x_wconf 80' lang='lat' dir='ltr'><strong>Galerium,</strong></span> <span class='ocrx_word' id='word_1_404' title='bbox 328 3842 430 3904; x_wconf 90' lang='lat' dir='ltr'><strong>opinor,</strong></span> <span class='ocrx_word' id='word_1_405' title='bbox 447 3840 569 3903; x_wconf 89' lang='lat' dir='ltr'><strong>impressa</strong></span> <span class='ocrx_word' id='word_1_406' title='bbox 584 3841 741 3904; x_wconf 89' lang='lat' dir='ltr'><strong>exemplaria</strong></span> <span class='ocrx_word' id='word_1_407' title='bbox 757 3843 857 3893; x_wconf 88' lang='lat' dir='ltr'><strong>vitiose:</strong></span> <span class='ocrx_word' id='word_1_408' title='bbox 884 3843 974 3892; x_wconf 88' lang='lat' dir='ltr'><strong>minore</strong></span> <span class='ocrx_word' id='word_1_409' title='bbox 989 3842 1127 3891; x_wconf 82' lang='lat' dir='ltr'><strong>oblivionum</strong></span> <span class='ocrx_word' id='word_1_410' title='bbox 1145 3842 1285 3892; x_wconf 84' lang='lat' dir='ltr'><strong>inducentes.</strong></span> 
     </span>
     <span class='ocr_line' id='line_1_44' title="bbox 167 3923 1285 3987; baseline 0.004 -15"><span class='ocrx_word' id='word_1_411' title='bbox 167 3923 217 3972; x_wconf 86' lang='lat' dir='ltr'><strong>Sed</strong></span> <span class='ocrx_word' id='word_1_412' title='bbox 234 3930 302 3972; x_wconf 89' lang='lat' dir='ltr'><strong>recte</strong></span> <span class='ocrx_word' id='word_1_413' title='bbox 319 3925 431 3987; x_wconf 89' lang='lat' dir='ltr'><strong>quisquis</strong></span> <span class='ocrx_word' id='word_1_414' title='bbox 447 3925 503 3985; x_wconf 88' lang='lat' dir='ltr'><strong>ille,</strong></span> <span class='ocrx_word' id='word_1_415' title='bbox 525 3924 586 3972; x_wconf 90' lang='lat' dir='ltr'><strong>mira</strong></span> <span class='ocrx_word' id='word_1_416' title='bbox 607 3924 721 3974; x_wconf 85' lang='lat' dir='ltr'><strong>obliuione</strong></span> <span class='ocrx_word' id='word_1_417' title='bbox 741 3925 894 3977; x_wconf 84' lang='lat' dir='ltr'><strong>innocentiae.</strong></span> <span class='ocrx_word' id='word_1_418' title='bbox 917 3943 977 3977; x_wconf 89' lang='lat' dir='ltr'><strong>nam</strong></span> <span class='ocrx_word' id='word_1_419' title='bbox 994 3928 1093 3978; x_wconf 86' lang='lat' dir='ltr'><strong>Plinius</strong></span> <span class='ocrx_word' id='word_1_420' title='bbox 1109 3929 1136 3976; x_wconf 91' lang='lat' dir='ltr'><strong>in</strong></span> <span class='ocrx_word' id='word_1_421' title='bbox 1153 3928 1244 3977; x_wconf 85' lang='lat' dir='ltr'><strong>Diocle</strong></span> <span class='ocrx_word' id='word_1_422' title='bbox 1261 3936 1285 3977; x_wconf 90' lang='lat' dir='ltr'><strong>et</strong></span> 
     </span>
     <span class='ocr_line' id='line_1_45' title="bbox 166 4008 1284 4075; baseline 0.004 -18"><span class='ocrx_word' id='word_1_423' title='bbox 166 4009 283 4057; x_wconf 83' lang='lat' dir='ltr'><strong>Euenore</strong></span> <span class='ocrx_word' id='word_1_424' title='bbox 305 4022 335 4056; x_wconf 89' lang='lat' dir='ltr'><strong>ac</strong></span> <span class='ocrx_word' id='word_1_425' title='bbox 354 4009 493 4058; x_wconf 84' lang='lat' dir='ltr'><strong>Timaristo</strong></span> <span class='ocrx_word' id='word_1_426' title='bbox 517 4015 619 4059; x_wconf 89' lang='lat' dir='ltr'><strong>accusat</strong></span> <span class='ocrx_word' id='word_1_427' title='bbox 641 4008 776 4059; x_wconf 86' lang='lat' dir='ltr'><strong>oblivionem</strong></span> <span class='ocrx_word' id='word_1_428' title='bbox 800 4010 957 4074; x_wconf 85' lang='lat' dir='ltr'><strong>innocentiae,</strong></span> <span class='ocrx_word' id='word_1_429' title='bbox 981 4013 1024 4075; x_wconf 89' lang='lat' dir='ltr'><strong>qni</strong></span> <span class='ocrx_word' id='word_1_430' title='bbox 1045 4020 1097 4061; x_wconf 90' lang='lat' dir='ltr'><strong>tam</strong></span> <span class='ocrx_word' id='word_1_431' title='bbox 1117 4013 1284 4075; x_wconf 89' lang='lat' dir='ltr'><strong>periculosam</strong></span> 
     </span>
     <span class='ocr_line' id='line_1_46' title="bbox 166 4091 1284 4161; baseline 0.007 -22"><span class='ocrx_word' id='word_1_432' title='bbox 166 4091 271 4141; x_wconf 88' lang='lat' dir='ltr'><strong>herbam</strong></span> <span class='ocrx_word' id='word_1_433' title='bbox 290 4092 429 4143; x_wconf 84' lang='lat' dir='ltr'><strong>laudarint:</strong></span> <span class='ocrx_word' id='word_1_434' title='bbox 457 4095 673 4157; x_wconf 89' lang='lat' dir='ltr'><strong>quemadmodum</strong></span> <span class='ocrx_word' id='word_1_435' title='bbox 695 4097 782 4158; x_wconf 86' lang='lat' dir='ltr'><strong>paullo</strong></span> <span class='ocrx_word' id='word_1_436' title='bbox 806 4106 865 4147; x_wconf 88' lang='lat' dir='ltr'><strong>ante</strong></span> <span class='ocrx_word' id='word_1_437' title='bbox 886 4096 1085 4146; x_wconf 79' lang='lat' dir='ltr'><strong>innocentissimos</strong></span> <span class='ocrx_word' id='word_1_438' title='bbox 1104 4099 1217 4159; x_wconf 85' lang='lat' dir='ltr'><strong>vocavit,</strong></span> <span class='ocrx_word' id='word_1_439' title='bbox 1240 4101 1284 4161; x_wconf 90' lang='lat' dir='ltr'><strong>qui</strong></span> 
     </span>
     <span class='ocr_line' id='line_1_47' title="bbox 166 4176 1282 4244; baseline 0.007 -20"><span class='ocrx_word' id='word_1_440' title='bbox 166 4176 269 4224; x_wconf 89' lang='lat' dir='ltr'><strong>nomine</strong></span> <span class='ocrx_word' id='word_1_441' title='bbox 285 4176 341 4240; x_wconf 87' lang='lat' dir='ltr'><strong>ipso</strong></span> <span class='ocrx_word' id='word_1_442' title='bbox 358 4178 536 4228; x_wconf 87' lang='lat' dir='ltr'><strong>absterruerint</strong></span> <span class='ocrx_word' id='word_1_443' title='bbox 554 4180 586 4228; x_wconf 88' lang='lat' dir='ltr'><strong>ab</strong></span> <span class='ocrx_word' id='word_1_444' title='bbox 603 4180 657 4230; x_wconf 85' lang='lat' dir='ltr'><strong>eius</strong></span> <span class='ocrx_word' id='word_1_445' title='bbox 672 4195 727 4229; x_wconf 89' lang='lat' dir='ltr'><strong>usu.</strong></span> <span class='ocrx_word' id='word_1_446' title='bbox 751 4179 889 4230; x_wconf 83' lang='lat' dir='ltr'><strong>Innocentio</strong></span> <span class='ocrx_word' id='word_1_447' title='bbox 905 4183 997 4233; x_wconf 87' lang='lat' dir='ltr'><strong>medici</strong></span> <span class='ocrx_word' id='word_1_448' title='bbox 1009 4191 1109 4233; x_wconf 87' lang='lat' dir='ltr'><strong>estnon</strong></span> <span class='ocrx_word' id='word_1_449' title='bbox 1122 4191 1282 4244; x_wconf 87' lang='lat' dir='ltr'><strong>monstrasse,</strong></span> 
     </span>
     <span class='ocr_line' id='line_1_48' title="bbox 167 4260 1340 4332; baseline 0.006 -24"><span class='ocrx_word' id='word_1_450' title='bbox 167 4261 236 4322; x_wconf 90' lang='lat' dir='ltr'><strong>quod</strong></span> <span class='ocrx_word' id='word_1_451' title='bbox 256 4260 344 4311; x_wconf 88' lang='lat' dir='ltr'><strong>maiori</strong></span> <span class='ocrx_word' id='word_1_452' title='bbox 365 4263 507 4312; x_wconf 76' lang='lat' dir='ltr'><strong>ffiscnmine</strong></span> <span class='ocrx_word' id='word_1_453' title='bbox 528 4263 678 4314; x_wconf 87' lang='lat' dir='ltr'><strong>adhibeatur</strong></span> <span class='ocrx_word' id='word_1_454' title='bbox 699 4281 775 4328; x_wconf 89' lang='lat' dir='ltr'><strong>quam</strong></span> <span class='ocrx_word' id='word_1_455' title='bbox 796 4267 924 4330; x_wconf 89' lang='lat' dir='ltr'><strong>toleretur,</strong></span> <span class='ocrx_word' id='word_1_456' title='bbox 945 4275 1035 4318; x_wconf 84' lang='lat' dir='ltr'><strong>contre</strong></span> <span class='ocrx_word' id='word_1_457' title='bbox 1055 4271 1122 4332; x_wconf 90' lang='lat' dir='ltr'><strong>quod</strong></span> <span class='ocrx_word' id='word_1_458' title='bbox 1142 4269 1283 4328; x_wconf 83' lang='lat' dir='ltr'><strong>adhibetur,</strong></span> <span class='ocrx_word' id='word_1_459' title='bbox 1336 4308 1340 4315; x_wconf 87' lang='grc'>,</span> 
     </span>
    </p>
   </div>
   <div class='ocr_carea' id='block_1_4' title="bbox 0 0 1467 4794">
    <p class='ocr_par' dir='ltr' id='par_1_11' title="bbox 0 0 1467 4794">
     <span class='ocr_line' id='line_1_49' title="bbox 0 0 1467 4794; baseline 0 0"><span class='ocrx_word' id='word_1_460' title='bbox 0 0 1467 4794; x_wconf 95' lang='lat' dir='ltr'><strong> </strong></span> 
     </span>
    </p>
   </div>
  </div>
 </body>
</html>
