2918 4794
168 261 209 324 50
658 281 801 322 enonovs

166 430 226 480 adeo
238 431 283 479 rite
294 429 394 479 consuli:
410 429 595 480 restituendum
609 437 703 491 antem,
720 430 813 495 Quippe
829 431 937 480 victimas
952 431 1023 480 caedi
1036 432 1086 481 sine
1098 439 1236 498 precattme
1246 453 1292 486 non

167 514 259 565 videtur
275 514 363 579 referri
377 512 413 561 ad
428 512 490 574 deos,
509 512 553 561 rite
566 513 663 565 mosali.
680 517 718 564 At
730 516 780 565 hoo
792 516 854 567 mihi
866 517 948 568 multo
961 516 1094 568 molestius
1110 521 1144 568 ad
1160 535 1235 570 aures
1250 536 1292 572 ac·

168 601 237 650 cidit.
260 600 336 660 Quod
352 598 396 648 ille
412 599 529 647 omnihus
545 598 572 647 in
589 605 650 646 vett.
666 599 736 648 libris
753 614 807 650 esse
823 601 872 661 111,
890 608 974 650 exstat
990 601 1067 651 etiam
1083 603 1111 651 in
1125 605 1229 665 nostris,
1246 607 1293 655 sed

166 684 333 748 sequioribus.
351 683 495 732 Vossianus
512 681 577 731 nihil
595 683 716 744 demutat,
733 685 781 733 nisi
798 686 867 746 qnod
884 684 963 734 hahet
978 692 1021 733 ant
1036 683 1092 734 deos
1107 701 1154 749 pro
1169 703 1212 736 nec
1227 686 1291 738 deos.

166 768 258 818 Utrum
275 776 360 817 autem
376 766 526 830 particulam
542 767 662 830 recipias,
680 767 757 831 plana
774 769 821 818 erit
838 770 969 818 sententia.
997 767 1056 818 Sino
1070 771 1208 832 precatione
1223 768 1293 821 caedi

167 852 275 902 victimas
286 852 375 915 referre
387 849 416 911 (i.
429 867 450 901 e.
464 853 585 915 prodesse
597 852 728 913 sacrificia,
741 854 782 902 vel
794 854 866 902 caedi
878 854 974 903 utiliter
985 851 1113 915 victimas)
1126 863 1169 903 ant
1180 853 1235 905 deos
1246 857 1292 905 rite

166 936 257 986 consuli
266 953 312 986 non
324 934 422 986 videtua
440 936 514 998 Item,
531 935 589 986 Sine
604 937 798 999 precatione‘non
809 935 902 985 uidetur
914 938 1005 999 referre
1017 936 1113 1000 (idest,
1130 940 1196 989 nihil
1206 942 1291 990 invare

69 1016 73 1021 ’
165 1030 277 1084 putatur,
294 1021 360 1071 nihil
376 1021 496 1084 prodesse
505 1021 584 1084 vulgo
597 1019 717 1082 creditur)
730 1019 800 1070 caedi
813 1021 928 1081 victimas,
945 1037 987 1068 nee
998 1023 1097 1072 videtur
1109 1021 1165 1071 deos
1176 1023 1221 1072 rite
1236 1039 1290 1072 coa-

166 1103 220 1154 snlr'.
243 1104 301 1166 Quo
317 1104 443 1167 significat
464 1105 607 1154 necessario
625 1120 711 1168 preces
727 1105 891 1154 adhibendas.
914 1105 990 1154 Unde
1007 1115 1113 1169 apparet
1129 1107 1205 1155 etiam
1221 1120 1292 1156 error
1377 1101 1380 1108 '

166 1191 218 1242 Iac.
232 1189 346 1241 Gutherii
365 1189 409 1237 lib.
427 1198 451 1237 4.
469 1189 500 1238 de
517 1190 571 1238 inre
587 1191 663 1239 Pont.
681 1205 735 1254 cap.
754 1197 806 1248 11,
824 1191 866 1253 qui
885 1188 993 1237 victimas
1009 1187 1079 1238 caedi
1091 1189 1142 1237 sine
1155 1191 1291 1254 precatione

166 1291 212 1323 noa
224 1272 301 1323 videri
315 1274 406 1336 referre
423 1273 514 1338 accipit
532 1275 605 1337 quasi
617 1276 750 1335 diceretur,
768 1275 834 1323 nihil
845 1276 973 1334 interesse,
990 1289 1078 1338 preces
1095 1277 1128 1327 ad
1142 1275 1291 1324 sacrillcmm

166 1359 342 1418 funderentur,
360 1373 454 1418 annon,
474 1373 555 1421 eoque
567 1354 598 1406 τὸ
611 1359 701 1421 referre
713 1358 787 1408 delet.
806 1358 870 1419 Quis
883 1360 976 1421 estqui
989 1360 1140 1411 confiteatur
1151 1373 1206 1409 sese
1218 1360 1290 1420 igno·
1308 1342 1312 1351 ¹

166 1457 233 1491 rasse
250 1442 324 1504 refert
339 1457 394 1491 esse
406 1443 541 1498 interdum,
559 1443 591 1490 ad
609 1457 661 1491 rem
680 1443 796 1505 pertinet,
812 1444 889 1503 iuvat,
907 1443 969 1492 utile
987 1445 1041 1493 esti
1063 1444 1170 1494 Plautus
1188 1443 1290 1497 Curcul.

86 1520 90 1528 ¹
166 1535 195 1588 4,
208 1533 222 1575 3
237 1524 283 1588 [vs.
297 1524 356 1587 23]:
373 1524 433 1588 quid
447 1526 522 1589 refert
537 1541 573 1573 rne
586 1525 678 1588 secisse
693 1526 800 1589 apibus,
817 1534 843 1573 at
859 1524 919 1574 mibi
934 1525 1064 1587 obedirent,
1080 1527 1104 1576 si
1118 1527 1157 1576 bic
1172 1543 1208 1576 me
1223 1525 1292 1575 bodie

165 1609 310 1658 umbraticus
322 1609 448 1658 demeriti
470 1611 574 1674 Epidico
589 1615 612 1670 l,
626 1615 640 1658 2
655 1608 702 1672 [vs.
718 1609 773 1673 1³]:
790 1627 845 1659 narn
861 1610 921 1672 quid
937 1619 957 1658 te
974 1612 1047 1676 ipitnr
1062 1611 1143 1660 retulit
1153 1610 1292 1673 Beneficnnt

166 1710 215 1742 essa
232 1694 343 1755 oratione,
360 1694 384 1742 si
399 1693 496 1743 adrem
513 1694 627 1743 auxilinm
645 1703 772 1743 emortuam
789 1701 839 1744 estt
860 1695 891 1743 In
908 1695 957 1744 hoe
974 1705 1059 1746 tamen
1077 1706 1132 1746 tota
1147 1695 1291 1746 difficultas.

167 1777 224 1828 Non
236 1776 326 1827 ardetur
343 1779 433 1841 referre
450 1778 558 1827 uictimas
573 1777 644 1849 caedi
656 1778 706 1827 sine
719 1777 857 1842 precatione
872 1789 918 1839 est,
935 1794 986 1828 non
1004 1781 1103 1830 videtur
1118 1781 1149 1830 ad
1166 1795 1220 1830 rem
1235 1794 1291 1842 per·

166 1864 254 1922 tinere,
267 1863 331 1911 nihil
344 1865 427 1926 agitrn
439 1864 603 1913 sacrificando
615 1864 669 1912 sine
680 1864 804 1926 precibus.

201 1944 300 2008 [3,13]
322 1945 481 2010 Confitendum
499 1946 531 1994 sit
550 1944 578 1994 de
596 1954 645 1995 tota
661 1944 839 2007 contestatione]
862 1947 1007 1996 Pintianus:
1028 1945 1098 2004 Quod
1111 1947 1134 1995 si
1147 1945 1218 1994 cernel
1231 1946 1291 1995 reci·

165 2016 255 2093 piatur,
268 2046 298 2077 eo
310 2030 402 2078 ratione
413 2038 436 2079 et
448 2029 510 2089 deos,
523 2039 571 2080 ete.
584 2029 748 2092 confitendum.
767 2028 819 2080 Sed
829 2029 925 2093 dempta
936 2031 1101 2079 contestatione
1110 2029 1188 2093 prasci
1198 2029 1291 2093 quidem

165 2114 240 2163 nostri
247 2122 359 2177 perpetuo
372 2113 434 2163 talia
444 2113 573 2163 credidere.
593 2116 670 2164 Voss.
683 2121 709 2163 ot
720 2114 821 2164 Chiflet.
835 2114 981 2162 coniectione.
1000 2115 1080 2178 quue
1096 2129 1187 2163 conseo
1199 2114 1291 2164 admit-

166 2200 284 2259 tendum;
301 2199 327 2247 in
346 2200 452 2248 caeteris
469 2199 620 2272 mutandum
636 2198 709 2248 nihil.
733 2199 842 2248 Perinde
858 2208 897 2248 est
913 2212 948 2246 aa
960 2200 981 2247 si
994 2200 1106 2259 dixisset,
1124 2201 1155 2248 de
1170 2206 1225 2247 tota
1236 2199 1290 2259 lite,

166 2285 197 2331 de
213 2291 267 2332 tota
285 2284 442 2346 quaestione.
464 2283 580 2332 Verbum
598 2283 658 2332 iuris
674 2289 713 2332 est
730 2281 844 2330 coniicere
860 2298 965 2332 cansam.
988 2284 1133 2347 Duodecim
1149 2285 1218 2346 apud
1230 2283 1292 2335 Gel-

165 2367 228 2416 lium
247 2371 290 2425 17,
308 2373 323 2415 2
342 2365 412 2429 [10]:
433 2365 497 2414 Ante
523 2365 643 2414 meridiem
669 2383 766 2415 cansam
791 2365 930 2415 eoniieiunto
950 2363 1051 2427 [Hertzr
1072 2363 1210 2428 coniciunt}
1240 2367 1291 2421 Ubi

166 2450 259 2502 frustra
270 2452 416 2502 sollicitant.
435 2451 559 2501 Afranius
573 2449 652 2514 [apud
664 2451 732 2500 Non.
744 2467 769 2514 p.
783 2456 840 2510 aet,
853 2448 912 2511 31]:
928 2448 1030 2499 Consum
1047 2450 1161 2498 cocidere
1177 2449 1247 2498 bodio
1257 2447 1293 2498 ad

167 2544 189 2586 te
205 2534 264 2584 volo.
286 2533 390 2585 Arabon’
405 2533 511 2585 adestis?
528 2536 667 2598 profuturos
686 2520 798 2583 arbitror.
826 2535 925 2586 Gellius
941 2536 995 2599 ipse
1013 2541 1085 2595 5,11
1106 2533 1187 2599 [apud
1203 2535 1290 2584 Horta.

167 2624 191 2679 5,
207 2626 245 2680 10,
260 2617 299 2680 8]:
316 2618 395 2668 Litenr
411 2634 462 2667 cam
473 2617 581 2666 Euathlo
596 2627 748 2679 contestatur,
764 2626 788 2666 et
804 2634 873 2680 quum
891 2617 926 2667 ad
940 2617 1030 2668 indices
1045 2617 1203 2668 coniiciendae
1215 2618 1291 2667 eonsi-

166 2700 307 2764 stendaeqne
325 2718 412 2751 consae
427 2701 511 2765 pratia
526 2702 646 2750 renarint.
677 2703 898 2763 Quemadmodum
916 2712 1001 2754 autem
1019 2705 1116 2753 multae
1133 2704 1198 2755 aliae
1218 2704 1292 2752 loeu-

167 2787 258 2847 tiones,
280 2801 344 2849 quae
364 2787 467 2850 proprie
487 2795 585 2849 partem
603 2795 629 2835 et
644 2795 730 2836 actum
746 2802 860 2840 unume
881 2788 968 2838 multis
987 2788 1126 2838 forensium
1146 2788 1291 2838 solennium

167 2871 323 2931 significant,
342 2886 387 2934 pro
404 2877 458 2919 tota
474 2871 576 2920 actione
593 2881 828 2935 saepe-ponuntur,
849 2881 878 2921 ut
891 2871 1026 2935 postulare,
1044 2871 1125 2920 iurare
1140 2870 1291 2925 calumnians,

166 2954 325 3016 subscribere,
345 2971 393 3019 pro
414 2970 544 3005 accusare:
569 2956 605 3005 sic
627 2967 652 3005 et
672 2955 786 3004 coniicere
807 2973 916 3014 cansam,
942 2959 1044 3021 proprie
1064 2972 1124 3020 pars
1145 2965 1171 3006 et
1191 2957 1291 3006 initium
1312 3006 1315 3013 ,

167 3040 267 3101 agendi,
284 3040 409 3093 interdum
427 3040 492 3090 nihil
508 3041 577 3091 aliud
595 3040 643 3090 luit
658 3057 734 3105 quam
751 3057 830 3104 apere,
847 3049 875 3091 nt
893 3043 993 3092 Nonius
1010 3043 1201 3105 interpretatur,
1222 3042 1292 3104 quod

168 3124 313 3175 excusabile
334 3126 397 3177 mihi
414 3127 473 3176 11111
491 3127 601 3175 videtur:
624 3127 670 3175 etsi
687 3127 716 3175 P.
734 3127 818 3175 Faber
839 3128 1038 3189 haudquaquam
1059 3141 1113 3176 sese
1134 3126 1161 3173 id
1183 3126 1291 3189 probare

116 3220 120 3230 ¹
168 3209 268 3261 scribat.
291 3209 359 3262 Hinc
376 3210 452 3261 etiam
470 3211 554 3260 solnm
571 3210 685 3258 coniicere
701 3219 739 3260 est
758 3212 923 3270 contendere,
946 3218 1051 3260 certare.
1078 3210 1150 3258 Idem
1167 3209 1292 3259 Afranius
1337 3269 1340 3272 Ι

169 3289 206 3355 [p.
220 3297 280 3352 267,-
292 3290 351 3353 30]:
368 3291 430 3342 Noli
440 3301 515 3342 mater
526 3309 561 3341 rne
571 3302 696 3356 praesente
708 3309 759 3343 cnm
774 3300 845 3356 patre
857 3293 975 3351 eoniicere,
993 3309 1046 3354 non,
1064 3293 1088 3342 si
1101 3309 1137 3340 rna
1153 3293 1229 3345 uiuant
1247 3292 1290 3352 ors,

168 3375 214 3425 arel
229 3392 312 3425 areum.
335 3376 398 3426 Inde
416 3377 519 3438 qnidam
536 3376 623 3439 paullo
641 3379 747 3428 ulterius
762 3379 890 3441 progressi
905 3377 1067 3426 coniectionem
1084 3393 1131 3441 pro
1148 3393 1224 3427 causa
1240 3378 1291 3426 sire

169 3461 340 3512 controversia
357 3460 453 3521 dixero,
470 3461 619 3525 Pliniusque
636 3463 678 3511 hic
695 3477 737 3512 eos
754 3462 874 3512 imitatus.
904 3459 1005 3526 [Neque
1022 3463 1064 3511 hic
1080 3470 1188 3522 tantum,
1204 3464 1248 3510 sed
1266 3471 1291 3509 et

169 3546 232 3595 libro
246 3550 269 3606 2,
285 3550 298 3595 7
313 3542 348 3605 [5,
362 3543 419 3606 21]:
436 3543 529 3593 Invenit
546 3553 624 3594 tamen
640 3547 701 3595 inter
712 3545 756 3594 bas
768 3553 880 3609 utrasque
890 3546 1019 3595 sententias
1031 3547 1078 3596 sibi
1092 3546 1146 3609 ipsa
1157 3543 1292 3594 merwiitas

170 3645 261 3691 nurnen,
278 3645 323 3694 qno
340 3629 415 3679 minsis
432 3631 501 3680 etiam
514 3629 592 3694 plana
610 3629 639 3678 de
655 3631 708 3679 Deo
725 3630 836 3679 coniectis
854 3639 918 3684 esset.
946 3632 988 3682 Sic
1004 3633 1070 3680 enim
1089 3646 1146 3680 eum
1162 3629 1291 3692 scripsisse

169 3714 231 3765 mihi
248 3715 401 3778 persuadeo,
423 3717 471 3765 etsi
493 3717 526 3764 sit
547 3716 659 3766 inlibris
679 3715 822 3764 coniectatio.
849 3717 948 3766 Eodem
966 3732 1021 3779 cap.
1039 3723 1152 3764 extremo
1171 3711 1213 3774 [5,
1231 3709 1290 3772 27]:

170 3798 194 3848 in
211 3797 269 3847 baec
285 3796 407 3849 divertisse
422 3816 468 3847 non
477 3799 559 3863 faerit
574 3799 677 3849 alienum
695 3798 805 3863 culpata,
830 3807 928 3863 propter
943 3799 1066 3848 assiduam
1086 3796 1244 3860 quaestionem
1262 3794 1291 3845 de

169 3883 230 3932 Deo.
247 3883 345 3947 Nempe
360 3882 476 3932 Coniectio
489 3882 517 3931 de
528 3885 582 3932 Deo
594 3895 632 3934 est
647 3882 759 3940 Quaestio
772 3882 800 3932 de
811 3884 872 3932 Deo.
891 3885 934 3933 Ex
944 3881 1066 3932 Inserend.
1078 3898 1103 3945 p.
1117 3878 1188 3941 eto]

205 3963 298 4027 [1,15]
319 3965 406 4015 Missis
417 3968 445 4016 ob
462 3966 489 4015 id
504 3983 520 4016 a
532 3967 622 4017 Senatu
640 3966 737 4031 iepatis]
756 3969 889 4017 Hermolai
906 3977 951 4028 est,
969 3984 1047 4031 quum
1059 3966 1098 4014 Io.
1110 3966 1227 4015 Andreas
1240 3963 1291 4011 edi·

171 4048 257 4098 disset:
274 4050 350 4099 missis
367 4051 395 4099 ob
411 4049 438 4099 id
452 4067 469 4098 a
484 4066 509 4098 se
526 4048 618 4113 lepatis.
637 4049 713 4100 Certe
725 4066 741 4099 1
752 4065 810 4113 rege
822 4052 907 4114 potins
924 4066 999 4114 qnam
1013 4066 1028 4099 a
1040 4059 1129 4101 senatu
1141 4048 1211 4098 missi
1223 4055 1290 4105 sant,
1307 4104 1315 4114 ,

171 4139 235 4179 teste
247 4133 370 4196 Dionysio
382 4136 424 4184 lib.
438 4143 453 4183 4
468 4132 520 4195 [59.
533 4135 594 4183 Vol.
603 4134 638 4183 Π.
651 4151 675 4198 p.
687 4132 868 4195 1111111111.
886 4135 962 4185 Voss.
976 4134 1053 4183 1111111
1065 4134 1093 4182 ob
1104 4129 1132 4182 id
1141 4147 1158 4181 a
1169 4129 1290 4194 deiepatis.
