2918 4794
166 303 273 344 xxxvl
605 299 849 343 ruomcouurta.

166 462 314 537 pacatum
335 472 366 536 p.
391 450 464 527 120,
487 450 517 525 2,
540 450 655 514 derasis
677 470 709 533 p.
733 447 804 523 125,
821 446 872 523 25,
892 449 1075 532 pipnumtur
1095 469 1128 533 p.
1147 448 1217 524 155,
1234 450 1284 525 24,

167 563 211 623 im
232 582 265 645 p.
279 558 360 635 185,
383 558 434 633 26,
457 569 552 621 tamto
575 580 606 642 p.
627 557 699 633 215,
722 557 773 634 26,
796 569 925 621 tamtum
948 579 980 641 p.
998 558 1068 635 191,
1086 559 1125 623 18
1147 567 1207 623 oet.

209 667 374 755 Neglectis
402 678 510 733 autem
539 667 629 755 siglis
657 666 765 731 omisit
791 665 876 731 idem
906 665 1049 754 singulas
1071 667 1222 751 syllabas,
1249 678 1287 732 ut

168 766 239 864 67.
263 802 295 865 p.
317 801 404 842 xxm
428 777 677 843 observavimus.
718 776 864 861 Namque
889 785 1013 842 constat
1038 789 1163 842 veteres
1197 777 1286 865 siglis

169 887 322 953 adhibitis
349 911 408 973 pro
427 891 535 975 secere
555 890 646 973 fere,
678 909 736 973 pro
761 890 872 973 paneri
895 891 966 974 peri
992 887 1160 972 scripsisse
1187 887 1287 971 (cous.

167 999 278 1085 Kopp.
300 996 554 1083 Palaeographia
576 996 695 1061 critica.
710 995 750 1061 Τ.
766 996 794 1061 Ι.
815 1019 848 1082 p.
863 998 935 1063 289.
952 995 1042 1082 284),
1062 1019 1145 1082 quae
1165 998 1287 1063 formae

168 1120 201 1173 et
213 1109 248 1171 in
259 1106 442 1174 Veronensi
453 1107 572 1184 codice,
584 1117 620 1171 ut
634 1106 805 1171 afferamus
822 1130 901 1193 pera
921 1129 980 1193 pro
993 1131 1111 1194 partera
1125 1131 1156 1195 p.
1170 1111 1243 1187 221,
1258 1110 1287 1185 1,

165 1228 345 1283 recurrunt.
388 1215 480 1305 Sigla
509 1238 636 1300 quoque
664 1215 876 1300 antiquarium
911 1217 1072 1282 interdum
1103 1240 1168 1284 non
1199 1229 1287 1285 recte

166 1338 346 1395 assecutum
369 1349 440 1392 esse
462 1348 560 1410 supra
583 1332 597 1411 ξ
620 1330 650 1390 7.
671 1350 704 1413 p.
726 1350 810 1391 xxrv
831 1327 1129 1394 demonstravimus.

214 1436 394 1522 Archetypi
412 1437 626 1501 conditionem
645 1460 665 1501 a
681 1436 791 1502 codice
807 1437 964 1520 rescripto
982 1437 1069 1502 haud
1086 1440 1222 1504 multum
1236 1439 1287 1503 di-

167 1571 292 1614 versam
307 1547 467 1612 oredimus
475 1573 484 1624 ;
497 1569 568 1612 eam
584 1547 669 1611 enim
684 1558 813 1612 secutus
828 1559 877 1611 est
891 1547 947 1632 qui
961 1549 1115 1625 exaravit,
1127 1569 1200 1612 oum
1215 1571 1288 1613 ean·

167 1657 240 1722 dem
266 1658 392 1723 literam
420 1657 454 1720 in
480 1657 543 1722 fine
573 1680 684 1722 versus
705 1657 927 1744 praecedentis
950 1670 982 1722 et
1001 1658 1091 1724 initio
1115 1659 1288 1741 sequentis,

166 1768 195 1833 si
216 1767 409 1833 vocabulum
437 1766 479 1832 ab
500 1766 563 1832 alia
583 1767 625 1831 ad
648 1767 743 1833 111111
764 1766 881 1832 lineam
903 1767 1134 1845 traduceretur,
1156 1766 1206 1832 bis
1228 1790 1288 1853 po·
1398 1768 1407 1783 ‘

166 1888 257 1943 neret
285 1888 382 1961 atque
408 1877 470 1942 hoc
498 1876 592 1942 modo
620 1877 717 1942 etiam
743 1878 777 1942 in
802 1877 908 1942 media
928 1877 1013 1942 linea
1036 1878 1075 1942 de
1097 1889 1236 1943 exeunte
1258 1889 1290 1942 et

167 1988 336 2053 inchoante
364 2009 461 2051 versu
486 1986 654 2072 archetypi
683 1986 861 2073 duplicatas
883 1987 1079 2052 describeret
1099 1987 1208 2052 literas
1230 2010 1290 2072 pro

168 2098 278 2162 unica:
299 2100 462 2161 immittam
473 2118 533 2180 pro
544 2100 694 2161 immitem
708 2120 741 2182 p.
755 2099 825 2175 124,
839 2098 890 2175 20,
905 2098 978 2162 aliis
988 2120 1047 2183 pro
1059 2100 1120 2163 aiis
1135 2120 1167 2183 p.
1177 2100 1228 2175 11,
1238 2100 1289 2175 22,

167 2209 286 2273 rettulit
312 2230 345 2293 p.
371 2208 442 2286 199,
466 2208 518 2286 23,
550 2208 722 2271 barabar'os
744 2230 776 2293 p.
800 2209 852 2285 62,
874 2209 928 2285 23,
956 2209 1105 2294 cobliqua
1126 2232 1158 2294 p.
1181 2209 1234 2286 36,
1257 2209 1288 2286 9,

168 2321 268 2385 1111111
288 2341 347 2405 pro
370 2321 457 2384 omni
477 2341 509 2404 p.
526 2317 578 2395 24,
594 2320 645 2395 25,
674 2320 877 2385 esseda-isone
897 2343 930 2405 p.
948 2321 1019 2396 182,
1037 2321 1067 2397 2,
1096 2331 1290 2406 111911111-

167 2430 252 2495 thum
274 2453 305 2515 p.
325 2430 465 2507 164,12,
488 2439 547 2493 cet.

209 2539 280 2603 Iam
301 2539 335 2602 in
349 2538 525 2622 archetypo
540 2537 739 2620 antiquarius
752 2538 914 2602 interdum
929 2538 1010 2602 duas
1024 2538 1185 2602 invenisse
1200 2536 1290 2602 vidc-

168 2659 221 2714 tur
233 2647 399 2722 lectiones,
410 2667 490 2729 quas
505 2655 654 2729 utrasque
669 2646 882 2731 111111111ρεὶ1,
892 2656 929 2710 ut
943 2646 1113 2712 afferamus
1126 2647 1288 2734 exempla:

168 2761 259 2823 tertio
276 2759 387 2842 portio
409 2779 442 2841 p.
459 2757 511 2833 56,
528 2757 557 2834 6,
580 2756 667 2820 illius
682 2758 747 2822 11111
768 2779 800 2842 p.
818 2758 890 2835 130,
907 2759 959 2834 21,
979 2759 1163 2844 appellatur
1178 2760 1290 2845 appel-

170 2868 417 2952 11111411,
446 2866 559 2930 similis
581 2869 699 2931 11111111
721 2890 753 2952 p.
769 2868 820 2944 51,
837 2868 867 2942 8,
895 2889 976 2951 quae
1003 2890 1066 2933 non
1096 2891 1289 2954 supervaca-

168 2999 246 3042 neas
266 2975 474 3062 repetitiones
489 2976 714 3042 vocabulorum
736 2976 803 3041 sive
825 2992 1093 3066 paragrammata,
1116 2978 1289 3044 1111111111-

169 3111 266 3175 guam
292 3087 447 3154 habemus
475 3086 654 3152 lectionem.
687 3086 768 3151 Inde
799 3088 944 3154 conicere
975 3090 1051 3155 licet
1077 3089 1142 3154 iam
1173 3089 1208 3153 in
1235 3089 1290 3153 illo

169 3198 392 3284 antiquissimo
420 3197 503 3264 libro
532 3198 763 3264 emendationis
790 3200 932 3284 pericula
957 3199 1041 3265 facta
1072 3201 1180 3264 fuisse.
1220 3199 1290 3264 Nec

169 3309 275 3375 minus
300 3309 334 3372 in
362 3329 399 3372 eo
423 3309 554 3373 lacunas
584 3308 726 3375 extitisse
750 3308 949 3393 suspicamur
969 3309 1005 3372 in
1025 3308 1088 3373 illis
1109 3309 1204 3387 locis,
1232 3308 1289 3373 ubi

114 3472 120 3487 .
169 3419 294 3483 numeri
315 3417 456 3504 ponendi
477 3429 578 3483 erant.
606 3418 691 3483 Nam
713 3440 814 3482 vacuo
837 3418 942 3500 spatio
968 3418 1080 3482 relicto
1105 3419 1212 3483 omisit
1234 3418 1290 3503 qui

169 3539 316 3595 nostrum
343 3527 535 3614 conscripsit
562 3527 725 3613 exemplar
753 3548 919 3605 numeros,
955 3539 991 3592 ut
1019 3528 1203 3592 afferamus:
1237 3551 1289 3593 oe·

170 3663 207 3705 ro
284 3641 389 3704 stadio
410 3660 469 3724 pro
489 3660 562 3703 cero
586 3638 662 3702 bina
677 3637 783 3701 stadia
799 3659 831 3721 p.
847 3638 899 3715 88,
915 3638 945 3715 6,
1149 3641 1289 3704 iocinera

169 3773 228 3836 pro
251 3751 326 3815 bino
346 3751 488 3814 iocinera
508 3772 540 3834 p.
554 3750 587 3824 4,
602 3750 653 3812 21.

216 3857 345 3940 Quibus
366 3857 515 3923 omnibus
537 3856 706 3943 perpensis
728 3856 814 3921 haud
834 3858 931 3943 longe
954 3880 973 3921 a
994 3857 1127 3922 veritate
1142 3858 1289 3924 aberrare

172 3966 266 4032 uobis
298 3968 461 4044 videmur,
496 3966 524 4031 si
550 3967 656 4053 ipsum
684 3968 893 4053 archetypum
926 3969 1026 4034 altero
1053 3978 1127 4055 post
1156 3965 1233 4035 Chr.
1257 3992 1287 4032 n.

174 4077 298 4142 saeculo
320 4078 476 4163 seriptum
498 4075 599 4142 fuisse
621 4077 779 4163 ponimus.
1258 4088 1262 4095 ’
