2918 4794
167 1946 343 2021 collatum
368 1947 580 2046 gratissimo
612 1947 736 2021 animo
769 1948 917 2044 publice
944 1945 1159 2020 testandum
1183 1956 1286 2018 ratus

165 2101 266 2174 hunc
292 2099 393 2173 TlBl
418 2102 556 2173 librum
582 2101 635 2173 ita
667 2099 914 2174 dedicandum
948 2123 1029 2171 esse
1062 2099 1203 2196 putavi,
1234 2108 1287 2188 ut,

167 2250 343 2349 quiequid
367 2251 538 2324 utilitatis
563 2250 651 2323 inde
678 2251 727 2323 ad
748 2252 971 2348 optimarum
987 2251 1195 2324 litterarum
1213 2260 1288 2322 stu·

167 2401 229 2476 dia
253 2400 548 2476 redundaturum
574 2412 682 2494 esset,
709 2402 749 2476 id
766 2401 900 2476 TUAE
921 2402 1145 2475 humanitati
1162 2401 1289 2474 deberi

165 2555 285 2629 libens
312 2557 515 2654 profiterer.
541 2554 622 2630 Hao
640 2566 764 2630 autem
782 2556 908 2630 oblata
923 2554 1015 2628 mihi
1041 2562 1190 2652 gratum
1211 2553 1287 2626 ani·

165 2732 268 2781 mum
290 2706 391 2780 TIBI
416 2708 640 2783 testificandi
667 2710 943 2808 opportunitate
970 2709 1023 2780 ita
1047 2707 1104 2780 uti
1128 2706 1220 2779 mihi
1245 2706 1287 2779 li·

166 2870 258 2952 oeat,
284 2873 327 2935 ut
353 2870 390 2934 et
416 2861 573 2936 aliarum
598 2863 780 2935 virtutum
805 2859 836 2932 T
838 2858 1028 2951 UARUM,
1065 2883 1157 2957 quas
1181 2882 1287 2956 prae·

167 3036 253 3084 sens
289 3023 474 3109 spectator
506 3013 710 3086 admiratus
744 3037 837 3104 sum,
871 3023 908 3086 et
940 3012 1217 3110 praeclarorum
1247 3011 1287 3083 in

166 3163 293 3235 literas
330 3163 565 3254 meritorum,
605 3186 700 3260 quae
735 3163 933 3261 unicuique
967 3173 1112 3262 patent,
1154 3162 1287 3236 laudes
1386 3252 1389 3257 Ι

166 3315 265 3388 iusta
281 3315 557 3413 praedieatione
575 3339 768 3413 exsequar.
796 3314 864 3389 TU
880 3317 995 3415 igitur
1013 3317 1195 3415 singulari
1212 3317 1285 3414 pie·

164 3480 252 3560 tate,
280 3493 375 3567 quae
402 3494 530 3543 omnes
553 3469 683 3543 laudes
700 3470 813 3568 longe
832 3480 993 3569 superat,
1020 3481 1194 3568 postuma
1211 3495 1286 3542 mo·

165 3623 371 3696 nachorum
398 3617 434 3695 S.
460 3620 587 3714 Blasii,
622 3624 684 3719 qui
718 3623 889 3696 coenobii
916 3619 951 3697 S.
979 3621 1088 3697 Pauli
1113 3623 1174 3696 vel
1202 3646 1285 3695 eon·

167 3774 304 3848 ditores
331 3775 393 3849 vel
418 3775 650 3848 restitutores
678 3776 912 3867 exstiterunt,
946 3801 1059 3874 opera
1085 3785 1150 3848 aut
1175 3770 1285 3847 IPSE

167 3925 316 4000 edidisti
342 3939 406 4001 aut
435 3929 517 4001 aliis
550 3926 694 4000 edenda
725 3926 950 4002 mandavisti
986 3927 1286 4026 edendorumque

166 4079 356 4173 professus
388 4107 427 4154 es
454 4080 517 4154 TE
546 4081 752 4155 adiutorem
784 4082 873 4155 fore.
912 4079 1042 4179 Itaque
1068 4078 1180 4157 TUIS
1212 4083 1286 4156 iam
