2918 4794
607 316 853 359 PROLEGOHENA·
1150 342 1155 352 ·
1231 319 1291 361 xxi

169 475 301 551 propter
326 463 477 528 continua
502 464 587 530 bella
612 464 709 529 etiam
733 464 824 550 pacis
845 474 930 529 artes
959 463 1115 542 iacerent,
1143 464 1290 550 opifices-

169 595 231 658 que
252 573 434 639 chartarum
448 572 762 641 membranacearum
783 585 990 653 rarescerent,
1013 596 1051 640 ac
1065 573 1201 660 proinde
1215 596 1290 659 pre-

170 684 249 749 tium
269 683 526 749 membranarum
546 684 678 749 mirifice
692 695 821 751 auctum
836 694 931 762 esset,
954 684 1054 749 ullum
1069 683 1212 749 codicem
1226 694 1291 749 tam

169 805 317 860 accurate
340 804 372 858 et
393 802 458 859 tam
480 792 653 859 liberaliter
674 794 888 881 perscriptum
910 815 980 859 esse
1006 816 1079 860 oum
1101 794 1291 858 confidentia

169 903 309 989 quadam
333 925 500 990 negamus.
536 903 606 968 Iam
632 925 730 989 supra
755 903 969 969 indicavimus
995 903 1137 970 codicem
1158 913 1290 989 propter

169 1036 301 1101 parvam
329 1013 562 1098 rotundumque
582 1014 748 1079 literarum
770 1014 905 1079 formam
927 1024 960 1077 et
981 1023 1113 1100 propter
1133 1033 1290 1078 summam

168 1146 251 1209 quae
282 1123 317 1188 in
350 1123 509 1209 scriptura
537 1123 676 1188 cernitur
704 1122 909 1210 diligentiam*
931 1124 966 1188 in
990 1122 1085 1187 Italia
1111 1123 1290 1189 coniectum

168 1233 281 1312 videri,
309 1233 396 1317 quod
421 1232 508 1298 idem
530 1234 648 1321 optime
669 1246 875 1320 praeparata,
905 1233 1106 1312 tenuissima,
1137 1232 1290 1299 subfirsea

167 1342 352 1410 membrana
365 1344 531 1430 probatur,
552 1366 617 1428 qua
633 1344 820 1431 plerumque
835 1344 909 1409 Itali
931 1343 982 1409 usi
1004 1342 1133 1427 sunt*).
1157 1340 1288 1411 Rescri-

167 1466 244 1540 ptus
270 1456 401 1541 quidem
427 1466 491 1533 est,
519 1465 689 1542 postquam
719 1454 879 1521 ablutione
909 1455 995 1520 etin
1017 1454 1139 1538 aliquot
1160 1452 1289 1539 paginis

167 1588 281 1631 rasura
302 1565 441 1652 pumicis
462 1587 525 1649 ope
547 1564 643 1652 prior·
660 1566 819 1652 scriptura
840 1565 945 1630 deleta
971 1575 1030 1643 est,
1060 1574 1091 1629 et
1111 1563 1288 1649 rescriptas

168 1687 231 1753 est,
260 1676 323 1740 nisi
349 1675 457 1741 omnia
478 1697 537 1740 nos
559 1675 686 1752 fallunt,
708 1675 868 1741 Veronae.
896 1674 985 1741 Inter
1007 1673 1150 1740 eiusdem
1171 1672 1289 1740 biblio-

168 1785 276 1851 thecae
297 1784 396 1850 libros
418 1784 521 1850 fuisse
543 1784 680 1862 videtur,
705 1785 797 1850 cuius
821 1784 975 1869 reliquiae
996 1784 1161 1868 hucusque
1182 1783 1288 1856 Verc-

167 1917 227 1960 nae
253 1895 288 1959 in
316 1894 441 1960 scriniis
468 1894 601 1979 capituli
628 1893 820 1960 cathedralis
849 1894 1031 1979 (biblioteca
1058 1898 1110 1960 dei
1134 1896 1288 1979 cononica)

167 2015 389 2072 asservantur:
423 2027 518 2090 quam
546 2004 772 2071 bibliothecam
795 2005 922 2070 saeculo
944 2016 1068 2083 octavo,
1095 2027 1158 2089 quo
1180 2004 1288 2095 Egino

167 2117 316 2182 ecclesiae
345 2115 525 2181 Veronensi
551 2126 711 2201 praeerat,
739 2116 803 2180 iam
830 2115 992 2181 exstitisse
1020 2114 1177 2201 librisque
1205 2115 1288 2180 anti-

167 2227 330 2310 quissimis
353 2238 384 2290 et
405 2225 586 2289 christianis
608 2236 641 2289 et
663 2225 804 2288 classicis
825 2226 976 2289 refertam
991 2248 1062 2290 esse
1079 2225 1288 2310 suspicamur,

167 2345 339 2420 antequam
360 2332 522 2398 Pacificas
549 2332 703 2398 diaconus
732 2335 857 2399 saeculo
885 2356 969 2398 nono
991 2333 1171 2398 Veronensi
1200 2335 1289 2419 capi-

167 2444 233 2510 tulo
257 2446 319 2510 218
340 2442 440 2508 libros
461 2465 537 2508 mss.
559 2442 644 2508 dono
666 2442 790 2508 obtulit.
812 2442 897 2508 Nam
919 2454 951 2508 et
972 2443 1210 2530 palimpsestus,
1233 2442 1290 2528 qui

167 2552 244 2620 Gaii
265 2553 490 2630 institutiones,
513 2563 546 2618 et
559 2551 672 2630 eodan,
695 2552 750 2637 qui
767 2553 867 2618 biblia
883 2575 974 2619 sacra
989 2553 1140 2632 continet,
1161 2554 1289 2620 saeculo

165 2677 280 2751 quarto
308 2663 499 2748 conscripti,
531 2663 566 2726 in
593 2662 706 2728 eadem
733 2662 928 2729 bibliotheca
956 2674 1145 2750 supersunt,
1174 2686 1288 2748 quam·

165 2775 275 2842 obrem
299 2784 330 2840 et
350 2773 435 2840 hunc
457 2772 600 2840 codicem
613 2772 799 2839 Plinianum
820 2774 891 2840 iure
912 2774 1005 2840 nobis
1027 2774 1103 2840 licet
1120 2773 1289 2840 Veronen-

166 2909 234 2951 aem
253 2885 426 2972 appellare.
449 2883 560 2966 Quare
582 2907 657 2970 spes
683 2884 791 2968 aliqua
816 2885 910 2951 nobis
936 2885 1012 2950 data
1032 2885 1161 2952 videtur
1182 2883 1288 2951 Vero-

165 3018 225 3061 nae
246 3007 278 3061 et
299 2995 362 3059 aha
375 2993 480 3059 adhuc
493 2992 591 3059 latere
613 3005 646 3058 et
667 2994 837 3079 aliquando
863 2995 997 3080 reperiri
1024 3017 1121 3080 posse
1143 2995 1289 3061 eiusdem

165 3105 283 3170 codicis
310 3102 451 3168 Pliniani
472 3103 662 3188 fragmenta.

687 3343 702 3424 t
737 3344 767 3405 r.

371 3507 420 3557 DE
437 3505 665 3569 ANTIQUARIO
683 3506 807 3570 ATQUE
825 3508 1082 3563 EhsslNDATOBE.

207 3654 446 3739 Antiquarium,
469 3655 525 3739 qui
546 3653 690 3721 codicem
709 3656 861 3735 exaravit,
883 3657 1112 3723 eruditioribus
1131 3659 1286 3724 adnume-

164 3766 300 3832 randum
321 3788 390 3832 esse
410 3767 463 3831 vel
479 3764 707 3852 orthographia
720 3788 835 3833 vocum
849 3790 1037 3855 graecarum
1058 3768 1187 3853 probat3
1211 3769 1286 3834 scri·

165 3875 229 3960 psit
252 3876 352 3941 enim:
378 3901 455 3941 maa
474 3898 506 3961 p.
530 3876 587 3952 93,
611 3876 667 3952 13,
701 3880 827 3963 dryppc
852 3901 884 3963 p.
908 3879 984 3955 238,
1007 3880 1065 3957 26,
1111 3880 1228 3966 parlim
1253 3904 1285 3968 p.

166 3986 219 4062 44,
235 3987 285 4050 22.
308 3996 368 4051 oet.

199 4137 341 4202 ¹⁸¹)1dioma
362 4150 449 4194 autem
472 4144 563 4195 codicis
580 4143 681 4194 Italiam
703 4146 860 4208 superiorem
883 4145 922 4196 vel
940 4145 1051 4198 Galliam
1069 4146 1214 4213 cisalpinam
1233 4150 1285 4200 cius

165 4225 272 4286 patriam
290 4228 382 4289 prodit,
401 4229 433 4278 de
451 4243 502 4292 qna
520 4244 546 4279 re
564 4228 630 4279 infra
648 4229 789 4280 disseretur.
