2918 4794
175 285 235 346 110
664 307 806 349 cuononi

207 453 260 516 [11.
280 453 324 516 58]
342 454 392 503 Per
409 470 466 517 quos
484 453 577 502 totidem
593 455 666 504 cubiti
680 457 766 506 summi
781 455 927 520 incrementi]
945 460 1021 510 Voss.
1039 461 1109 512 Men.
1126 462 1194 514 Gud.
1210 465 1292 516 Acad.

170 538 256 588 cubita.
275 540 310 589 Ut
326 539 421 602 passim
439 539 499 588 alibi
514 540 624 590 Plinius:
643 556 697 604 cup.
711 544 826 604 sequenti
840 541 893 604 [19,
907 541 951 605 69]
964 559 1086 593 mensurae
1097 562 1144 595 non
1160 546 1225 597 ultra
1238 550 1293 599 bina

170 620 1290 694 mmfflnmmsmmumfflmlmamfflmmmmn

171 709 224 772 [22
239 706 291 770 71].
309 707 352 756 lib.
368 705 518 774 ls,1e[47,
534 705 593 769 168]
608 716 633 757 et
650 710 719 758 alibi.
739 709 797 770 Quo
815 712 896 773 magis
913 712 1000 773 miror,
1018 727 1096 776 quum
1112 716 1180 765 hunc
1196 719 1292 781 locum,

169 794 384 857 quemadmodum
400 805 455 840 sese
467 791 572 840 haberet
582 793 609 840 in
621 794 726 857 scriptis,
738 796 917 857 vestigaveriut
928 804 954 846 et
965 797 1120 848 Hermolaus
1133 809 1158 849 et
1169 801 1291 852 Gelenius

168 888 194 929 et
204 879 347 937 Pintianus,
359 891 447 926 omnes
459 877 484 925 id
497 878 701 940 praetermisisse.
719 879 834 929 Barbare
847 881 953 929 debetur
964 879 1064 930 sedecim
1077 880 1166 934 liberes:
1184 885 1292 936 Gelenio

168 963 276 1027 aupentis
287 977 311 1009 se
323 959 411 1022 arnnis;
424 961 542 1010 Pintiano
554 962 700 1011 eruditionis
712 964 805 1013 nimiae
816 963 955 1035 ludibrium
967 964 1068 1014 ahsbetis
1079 981 1111 1016 ex
1122 969 1198 1017 Plinii
1209 970 1253 1020 lib.
1267 976 1290 1019 5.

167 1064 221 1112 cap.
236 1053 250 1097 9
265 1045 317 1109 [10‚
332 1044 385 1106 51].
403 1045 453 1095 Sed
471 1043 562 1106 liberos,
579 1060 629 1095 non
644 1046 729 1109 pisces,
745 1024 877 1098 lusissein
889 1050 1013 1099 eiusmodi
1026 1052 1149 1115 exemplis
1167 1055 1233 1103 circs
1245 1054 1291 1104 Ni-

168 1134 222 1182 lum
237 1133 307 1181 testis
319 1131 432 1194 locuples
444 1130 615 1180 Philostratus
629 1129 740 1194 [Imagg.
754 1136 777 1181 5.
790 1148 814 1196 p.
830 1136 877 1182 769
891 1134 940 1194 01,
953 1149 978 1197 p.
991 1134 1140 1197 9.1acobs]:
1158 1133 1225 1203 Περὶ
1243 1137 1290 1188 τὸν

168 1211 268 1266 Νεῖλον
286 1212 312 1262 ol
328 1211 423 1279 πήχεις
439 1210 583 1278 ἀιῖύροοσι,
601 1213 694 1263 παιδία
711 1212 853 1281 ξύμμετρα
870 1215 911 1281 τῷ
929 1214 1052 1278 budpari.
1080 1213 1135 1268 Kal
1158 1218 1174 1268 ὁ
1190 1216 1292 1280 Νεῖλος

167 1299 262 1358 αὐτοῖς
279 1296 488 1362 ὁπεργάοοοτιιι,
511 1295 575 1347 τότε
595 1293 664 1347 ἄλλα
685 1296 729 1348 καὶ
748 1297 789 1350 ὅτι
811 1299 985 1368 κηρύττουσιν
1008 1299 1105 1364 αὐτόν,
1129 1301 1195 1362 ὅσος
1211 1301 1288 1370 Alpa·

166 1383 254 1442 πτίοις
267 1381 416 1449 προεχύθη.
446 1377 615 1447 Προσάγεται
637 1380 685 1431 οὖν
706 1380 750 1432 καὶ
773 1379 830 1432 οἷον
849 1380 958 1450 ἔρχεται
975 1383 1051 1450 αὐτῷ
1071 1385 1101 1436 ἐκ
1122 1389 1171 1436 τοῦ
1192 1385 1291 1446 ὕδατος

165 1466 261 1534 βρέφη
274 1464 363 1515 ἁπαλὰ
377 1463 421 1514 καὶ
432 1465 587 1526 μειδιῶντα.
606 1469 641 1516 Et
652 1476 759 1531 possunt
771 1468 897 1531 hodieque
909 1470 987 1518 videri
1000 1472 1133 1522 Vaticanis
1144 1474 1171 1523 in
1183 1474 1272 1523 hortis.

201 1552 259 1615 [12,
278 1550 322 1614 59]
346 1550 428 1613 Nepos
446 1548 567 1599 Cornelius
589 1550 664 1599 tradit
682 1567 768 1615 mapno
783 1553 864 1614 fuisse
885 1551 1012 1616 miraculo]
1035 1554 1078 1606 Sic
1094 1558 1171 1607 Voss.
1189 1558 1289 1607 ordinat

165 1640 251 1689 verba.
270 1638 349 1687 Recte
361 1643 445 1685 autem
457 1636 624 1685 Hermolaus:
641 1634 769 1699 amphoras
787 1652 816 1684 es
827 1653 854 1684 eo
868 1634 977 1686 Chiorum
990 1638 1153 1702 ineptitudine
1164 1641 1288 1691 cadorum:

165 1726 259 1775 frustra
276 1722 389 1772 subiicit:
406 1721 446 1769 vel
462 1719 649 1769 Antiochiorum.
667 1720 794 1770 Lucienus
809 1722 853 1770 lib.
870 1728 885 1770 9
905 1720 957 1783 [40.
976 1723 1051 1773 Tom.
1068 1724 1115 1774 1v.
1133 1741 1157 1789 p.
1176 1731 1232 1776 299.
1249 1729 1288 1776 ed.

164 1806 235 1873 Bip.]
248 1821 322 1856 verae
335 1806 467 1855 historiae:
480 1801 592 1854 ἕκαστον
606 1801 693 1854 αὐτῶν
706 1799 777 1853 Χίου
789 1802 871 1854 nidos
884 1803 1140 1873 περιπληθέστερον.

199 1893 263 1944 Car.
276 1892 324 1940 IX.
337 1889 394 1952 [14‚
408 1889 452 1952 68]
471 1889 521 1938 Hic
538 1897 614 1938 autem
631 1888 745 1938 obeliscus
758 1889 811 1952 suit
828 1889 854 1939 in
870 1889 973 1939 Arsinoe
986 1893 1079 1955 positus
1095 1896 1111 1941 a
1127 1892 1192 1957 repe]
1212 1896 1287 1944 Voss.

164 1978 214 2028 Hic
228 1976 283 2040 snit
299 1975 324 2024 in
340 1974 457 2023 Arsinoeo
470 1973 561 2037 positus
577 1975 608 2022 ab
625 1991 679 2037 repe
695 1973 841 2037 supradicto.
868 1976 1001 2039 Nusquam
1017 1973 1051 2025 τὰ
1068 1984 1145 2025 eutem
1166 1976 1287 2035 obeliscus,

101 2069 150 2112 844
164 2078 230 2128 quae
243 2063 373 2123 abaliquo
389 2061 457 2108 male
472 2059 560 2109 sedulo
578 2073 632 2108 esse
649 2059 719 2109 allita
736 2060 799 2108 mihi
816 2059 981 2123 exploratum
998 2068 1044 2110 est.
1070 2051 1231 2124 Ἀρσινόειον
1250 2072 1288 2111 est
1315 2077 1323 2091 ⁰

124 2131 126 2138 ,
163 2153 356 2197 monumentum
367 2144 496 2193 Arsinoes.
513 2142 692 2204 Academicus,
710 2144 845 2207 Menapios
857 2151 882 2193 et
894 2143 1003 2193 Gudian.
1019 2142 1069 2193 Hic
1078 2142 1133 2205 suit
1148 2141 1254 2191 conditus
1270 2161 1287 2190 o

162 2245 217 2295 repe
231 2227 376 2293 supradicto.
393 2228 470 2277 Unde
485 2228 560 2277 etiam
578 2229 673 2277 discere
690 2237 740 2290 est,
758 2228 828 2277 utin
844 2228 930 2277 Plinio
949 2227 1055 2290 grassati
1070 2228 1128 2276 sint.
1150 2227 1286 2276 Pintianus
1344 2286 1347 2291 ἡ

163 2329 265 2379 quoque
277 2313 387 2362 Arsineo.

197 2397 285 2461 [Ibin]
305 2396 401 2445 Amoris
413 2397 437 2445 in
448 2397 543 2461 coniupe
555 2395 681 2459 eademque
691 2395 783 2458 sorore]
802 2397 897 2446 Melius
909 2397 1044 2446 accusandi
1057 2410 1116 2445 casu
1127 2395 1184 2444 fore
1201 2404 1287 2444 censet

161 2485 305 2534 Pintianus:
323 2482 348 2531 in
364 2482 482 2545 coniupem
499 2481 642 2543 eandemque
657 2497 769 2530 sororem.
796 2482 855 2531 Non
877 2496 933 2543 ego.
959 2483 1028 2532 Vide
1045 2495 1110 2544 quae
1126 2480 1159 2530 ad
1175 2479 1287 2530 Senecae

162 2569 246 2632 quarti
257 2568 314 2616 libri
325 2567 384 2616 Nat.
398 2566 501 2627 Quaest.
515 2566 700 2629 praefationem
714 2564 792 2626 [init]
806 2567 960 2629 scripsimus.

196 2651 249 2714 [14,
265 2649 308 2713 71]
326 2650 416 2701 Nouem
428 2648 526 2713 pedibus
544 2650 620 2701 minor
632 2666 648 2697 a
661 2647 804 2710 Sesostride]
823 2650 870 2698 Est
881 2650 1023 2698 Hermolai.
1046 2650 1128 2699 Acud.
1140 2647 1188 2698 IX
1198 2647 1284 2712 pedum

161 2744 197 2783 est
207 2733 372 2784 amerosocide.
385 2734 451 2784 Gnd.
465 2741 490 2782 et
501 2734 605 2795 Menap.
615 2731 702 2795 pedum
715 2740 749 2780 est
760 2730 921 2780 amerosotide.
934 2733 1011 2781 Voss.
1025 2730 1074 2784 IX
1079 2730 1285 2796 peduminorosse-

160 2817 258 2867 sothide.
280 2819 317 2867 At
335 2831 390 2881 cap.
409 2823 438 2866 ll
459 2815 517 2879 [15,
531 2814 574 2878 74]
598 2818 680 2866 Acad.
699 2817 769 2866 Men.
788 2824 812 2865 et
830 2817 896 2866 Gud.
914 2831 981 2878 quem
991 2816 1090 2877 fecerat
1106 2816 1196 2866 sosodis
1205 2815 1284 2879 filius.

161 2905 212 2954 Vel
234 2900 330 2951 senodes.
357 2902 434 2951 Voss.
454 2917 521 2965 quem
535 2902 633 2965 fecerat
649 2899 767 2951 Sesosidis
781 2899 854 2962 filius
870 2900 1017 2951 Nencoreus.
1043 2903 1114 2965 Ergo
1131 2909 1157 2951 et
1175 2902 1228 2950 illle
1244 2901 1285 2948 fac

162 3003 243 3037 navem
252 2986 307 3052 ped.
321 2985 430 3035 humilior
442 3003 459 3034 a
470 2985 587 3037 Sesoside.
605 2987 672 3037 Nam
685 2994 711 3036 et
722 2985 817 3037 Sesosin
830 2984 992 3058 Sucasinque
1005 2988 1131 3036 dixerunt.

196 3071 285 3135 [Ibin]
303 3069 419 3134 Inscripti
428 3071 497 3119 ambo
509 3087 585 3119 rerum
597 3078 698 3119 naturae
709 3069 924 3133 interpretationem
936 3067 1105 3133 Aeppptiorum
1118 3084 1191 3132 opera
1200 3066 1279 3132 philo-

159 3157 256 3222 sophiae
273 3155 398 3218 emanent]
421 3149 457 3204 Tb
471 3172 543 3219 opera
560 3157 648 3205 necin
660 3156 791 3206 Hermolai
805 3163 830 3203 et
841 3154 954 3210 Pintiani
970 3155 1099 3204 codicibus
1116 3162 1166 3214 est,
1187 3168 1235 3203 nec
1256 3155 1283 3202 in

161 3250 268 3306 quatuor
284 3242 384 3291 nostris.
407 3242 548 3291 Vossianus
562 3238 710 3303 philosopho.
733 3241 818 3300 Forte,
835 3239 1007 3303 Aeppptiorum
1021 3237 1221 3302 pbilosophorum,
1239 3240 1280 3287 vel

158 3325 317 3391 philosophici,
328 3335 357 3376 ut
369 3334 394 3375 et
405 3325 546 3376 Pintianus.

111 3449 113 3453 -
195 3414 260 3464 One.
277 3413 310 3463 X.
329 3408 382 3473 [15,
397 3408 440 3472 72]
464 3408 554 3457 Umbra
571 3407 719 3473 colliperetur
734 3408 759 3456 in
775 3425 799 3456 se
816 3407 945 3472 ipsaalias
958 3407 1081 3456 enormiter
1093 3404 1224 3468 mediante]
1242 3406 1283 3455 Its

160 3512 262 3561 prorsus
273 3497 423 3554 Vossianus,
438 3502 467 3543 ut
482 3494 593 3543 restituit
606 3494 746 3544 Salmasius
762 3495 795 3542 ad
807 3493 888 3543 Solin.
901 3507 925 3556 p.
939 3498 996 3543 641.
1016 3491 1066 3542 Sed
1083 3505 1131 3541 neo
1146 3491 1282 3541 Pintianus

160 3583 240 3643 aliter,
252 3582 301 3631 nisi
313 3582 381 3644 quod
392 3580 416 3627 in
429 3579 490 3642 ipsa.

194 3669 258 3720 (lun.
271 3645 334 3718 an
347 3664 400 3728 [16,
416 3663 459 3726 76]
478 3664 562 3714 Minus
580 3671 680 3727 quatuor
697 3661 775 3711 millia
787 3677 909 3726 passuum,
927 3677 944 3709 a
955 3659 1065 3724 Memphi
1078 3674 1127 3719 ses,
1143 3657 1194 3705 vico
1206 3673 1282 3720 appo-

159 3752 215 3815 sito]
234 3755 310 3804 Voss.
323 3768 340 3800 a
351 3749 410 3801 Nilo
422 3740 500 3797 minus
511 3747 575 3796 IIII
581 3764 611 3798 m.
626 3765 653 3811 p.
666 3763 683 3794 a
694 3745 804 3810 Memphi
820 3744 876 3796 VII
886 3744 914 3794 D
929 3744 980 3794 vico
996 3743 1112 3808 adposito.
1134 3744 1186 3792 hoo
1204 3752 1249 3803 est,
1267 3759 1283 3791 a

158 3840 276 3902 Memphi
288 3844 385 3900 septem
397 3833 478 3884 millia
490 3835 650 3896 quingentos.

194 3919 253 3982 [17,
274 3919 317 3982 77]
340 3918 441 3967 Amasin
458 3932 533 3981 sepem
548 3924 635 3978 putant
651 3917 676 3964 in
693 3933 722 3965 ea
739 3913 868 3977 conditum]
892 3916 967 3965 Voss.
985 3915 1051 3964 clare
1066 3912 1179 3960 Armaim
1206 3911 1282 3971 Quod

157 4006 315 4071 Aegyptium
332 4018 425 4054 nomen
444 4016 498 4052 esse
515 4009 605 4049 notum
623 4010 661 4050 est
677 4003 720 4049 vel
736 4018 751 4051 a
768 4002 874 4061 Danao,
895 4015 970 4063 quem
986 4000 1021 4049 sic
1039 3998 1109 4047 domi
1127 3997 1281 4061 appellatum

157 4091 235 4152 luisse
247 4092 317 4140 testis
329 4089 462 4152 Iosephus.

194 4172 281 4236 [Ibid]
305 4174 329 4222 A
349 4180 429 4221 ventre
450 4168 485 4218 ad
503 4185 616 4218 summum
637 4170 726 4234 apicem
749 4171 773 4219 in
794 4169 872 4234 capite
891 4166 992 4230 LXII]
1016 4169 1093 4218 Voss.
1114 4166 1149 4215 ad
1168 4181 1282 4215 summam

79 4263 82 4266 '
158 4257 247 4322 aspide.
267 4258 353 4309 Scribe
369 4255 405 4305 ad
419 4269 532 4310 summam
545 4252 638 4316 absida,
651 4255 690 4304 vel
703 4254 814 4315 obsidem,
834 4256 885 4304 hoc
897 4262 942 4313 est,
961 4260 1129 4302 curvaturam.
1153 4252 1198 4301 lib.
1212 4256 1235 4310 2,
1252 4253 1281 4298 15
