2918 4794
655 263 898 305 PROLEGOMENA.

737 475 815 555 §a

454 613 503 661 Dr.
521 612 648 663 FORMA
666 610 808 662 CODICIS
826 610 873 661 AC
892 611 1100 663 SCRIPTURA.

261 743 380 808 Forma
408 743 525 808 codicis
554 766 592 809 ea
620 754 684 821 est,
714 767 796 828 quae
823 742 920 832 vulgo
947 754 1060 809 octava
1081 743 1182 807 maior
1203 743 1336 818 dicitur3

219 854 296 918 folia
328 853 560 942 longitudinem
593 853 711 918 habent
744 876 912 918 mensurae
938 853 1185 941 francogallicae
1211 854 1338 919 circiter

218 965 237 1026 2
250 965 440 1040 decimdtrea,
453 965 684 1039 dceatirnltrea
697 963 898 1028 latitudinem
910 985 986 1028 vero
1000 966 1017 1027 1
1031 964 1204 1040 ἀέσίιηὲίνθ,
1216 965 1235 1029 5
1248 967 1338 1028 centi-

217 1075 343 1148 metrum
373 1072 526 1138 differunt
555 1073 638 1138 enim
667 1073 750 1137 inter
777 1095 811 1137 se
834 1072 961 1161 singula
987 1073 1062 1138 folia
1088 1073 1337 1151 0‚2³7-0‚2u¹¹¹

216 1184 250 1247 in
272 1183 449 1260 altitudine,
478 1183 731 1261 0,ι42-Ο,ι55“1
753 1182 786 1245 in
808 1182 985 1248 latitudine.
1018 1180 1172 1271 Singulae
1200 1181 1338 1268 paginae

216 1294 345 1358 vicenas
369 1316 463 1358 senas
478 1293 578 1357 lineas
592 1293 720 1369 habent,
742 1293 884 1378 exceptis
900 1292 1035 1370 duabus,
1059 1314 1142 1376 quae
1158 1293 1198 1357 25
1214 1301 1337 1356 tanturn

216 1404 369 1469 exhibent
381 1403 481 1467 lineas
498 1402 566 1468 sive
583 1425 708 1481 versus,
725 1404 791 1467 scil.
803 1426 835 1489 p.
849 1405 909 1468 178
928 1414 960 1467 et
970 1427 1002 1489 p.
1015 1403 1077 1466 223
1091 1425 1123 1465 n.
1139 1401 1200 1480 ed,
1220 1401 1338 1487 quibus

216 1512 377 1599 incipiunt
396 1512 553 1578 librorum
567 1511 657 1576 XIV
672 1523 704 1576 et
717 1511 787 1578 XV
809 1512 976 1597 epitomae,
1000 1524 1032 1577 et
1052 1512 1127 1589 illis,
1149 1510 1269 1596 quibus
1286 1512 1337 1575 in·

217 1623 304 1687 dices
326 1623 379 1687 vel
400 1621 474 1686 libri
495 1621 659 1699 finiuntur,
681 1644 713 1707 p.
732 1625 782 1698 78,
800 1624 871 1699 118,
889 1624 960 1700 176,
983 1624 1053 1714 177,
1076 1623 1148 1700 182,
1169 1625 1242 1700 221,
1264 1624 1337 1698 222,

217 1734 318 1798 22811.
328 1732 377 1797 ed.
401 1731 470 1795 Iam
482 1754 558 1796 vero
571 1755 644 1797 curn
654 1731 738 1797 inter
749 1732 824 1797 artis
835 1724 1123 1818 palaeographicae
1134 1733 1252 1817 peritos
1263 1754 1338 1797 con·

216 1852 279 1908 stet
301 1864 532 1927 saepenumero
555 1865 595 1907 ex
618 1864 656 1906 ea
677 1841 810 1921 ratione,
833 1864 897 1927 qua
917 1843 1021 1908 lineae
1038 1841 1210 1907 alibrariis
1224 1843 1339 1907 ductae

217 1952 298 2029 sint,
325 1951 481 2016 iudicium
501 1951 630 2016 minime
651 1951 749 2030 fallax¹
770 1953 838 2039 peti
864 1975 960 2038 posse
986 1952 1021 2015 in
1050 1950 1257 2035 disquirenda
1283 1974 1337 2017 co-

217 2060 325 2125 dicum
346 2072 458 2138 aetate,
488 2062 527 2125 de
548 2062 609 2126 hac
630 2084 665 2126 re
687 2063 866 2126 accuratius
888 2083 974 2127 nunc
990 2083 1134 2148 agamus.
1165 2061 1204 2125 In
1224 2061 1338 2147 quavis

216 2170 337 2259 pagina
364 2171 441 2236 satis
469 2172 611 2257 amplum
638 2172 778 2257 spatium
805 2173 846 2238 ab
872 2172 958 2237 omni
987 2182 1077 2259 parte
1104 2194 1241 2236 vacuum
1263 2171 1339 2237 reli·

217 2292 304 2347 ctum
327 2291 375 2346 est
396 2304 416 2345 a
437 2281 604 2368 scriptura.
639 2279 696 2348 Sic
723 2282 886 2369 scriptioni
913 2283 1074 2368 patefacta
1101 2293 1149 2346 est
1170 2281 1344 2366 quadrata,

216 2403 253 2457 ut
273 2392 319 2456 ita
336 2393 450 2469 dicam,
473 2415 557 2470 area,
580 2393 614 2457 in
629 2392 720 2458 cuius
736 2393 868 2459 dextera
883 2393 1039 2479 margine,
1064 2393 1122 2457 sed
1136 2391 1169 2455 in
1185 2392 1245 2455 hac
1260 2391 1337 2469 sola,

217 2524 293 2567 acus
315 2525 377 2587 ope
399 2504 513 2567 vicena
535 2524 611 2567 sena
630 2514 750 2588 puncta
772 2505 842 2588 pari
863 2504 946 2567 inter
969 2525 1003 2566 se
1024 2501 1193 2566 intervallo
1215 2503 1337 2566 distan-

218 2613 262 2676 tia
289 2611 374 2675 facta
403 2621 484 2675 sunt.
525 2610 578 2675 Ex
606 2611 657 2675 his
688 2612 817 2696 punctis
847 2612 978 2675 totidem
1009 2621 1209 2675 transversae
1236 2612 1337 2678 lineae

218 2722 334 2785 ductae
356 2730 431 2784 sunt
452 2720 524 2785 stilo
547 2721 597 2785 vel
613 2720 715 2785 ‘simili
742 2706 878 2804 quodam
903 2720 1128 2798 instrumento,
1156 2721 1203 2785 ita
1224 2733 1260 2786 ut
1281 2723 1337 2787 fis-

138 2858 141 2865 ·
220 2853 376 2908 surarum,
399 2853 479 2914 quas
494 2831 605 2895 charta
620 2830 693 2894 inde
709 2829 848 2909 traxerit,
872 2829 1009 2916 vestigia
1024 2832 1194 2916 supersint,
1218 2832 1281 2898 imo
1303 2844 1339 2896 ut

218 2941 291 3026 plus
320 2941 419 3005 semel
444 2939 629 3005 membrana
655 2939 741 3004 laesa
768 2940 824 3017 sit;
853 2940 968 3005 coloris
997 2952 1120 3020 autem,
1149 2965 1213 3026 quo
1236 2943 1339 3008 lineae

219 3050 416 3140 significatae
447 3050 525 3127 sint,
554 3073 594 3114 ne
622 3049 778 3115 indicium
804 3050 932 3133 quidem
960 3052 1066 3128 adest,
1095 3075 1157 3137 quo
1185 3064 1274 3139 patet
1295 3054 1339 3118 ad

218 3174 330 3226 tenues
351 3162 446 3226 modo
467 3160 600 3225 fissuras
624 3159 791 3224 scribentis
814 3159 921 3225 oculos
945 3161 1128 3227 collineatos
1143 3161 1252 3227 fuisse.
1276 3162 1337 3227 Li·
1426 3184 1430 3189 ’

217 3293 297 3336 neae
318 3271 391 3335 illae
414 3293 434 3332 a
455 3269 585 3334 sinistra
614 3269 783 3335 scribentis
811 3292 866 3335 ora
893 3270 955 3335 alia
976 3271 1059 3336 linea
1079 3272 1338 3358 perpendiculari

217 3380 425 3446 includuntur
452 3390 611 3454 extrema3
638 3380 672 3442 in
694 3379 825 3444 dextera
846 3402 903 3444 ora
926 3393 1073 3445 secantur
1088 3382 1173 3446 linea
1197 3405 1337 3469 perpen-

217 3490 364 3567 diculari,
387 3512 469 3574 quae
492 3513 511 3554 a
532 3489 675 3574 margine
698 3489 863 3574 paululum
886 3489 999 3555 distat:
1022 3513 1086 3575 quo
1107 3492 1154 3569 fit,
1176 3504 1214 3557 ut
1233 3492 1338 3558 lineae

217 3602 251 3665 in
273 3601 333 3665 hac
354 3623 411 3665 ora
432 3609 523 3665 extra
546 3599 735 3682 scripturam
757 3600 941 3685 procedant.
964 3600 1158 3667 Accuratam
1179 3603 1338 3669 linearum

217 3710 389 3798 imaginem
412 3708 464 3774 hic
484 3707 682 3787 exhibemus,
711 3732 774 3794 quo
801 3709 926 3775 facilius
950 3709 1086 3778 lectores
1113 3735 1238 3779 omnem
1267 3736 1336 3778 rem

218 3820 323 3885 animo
345 3820 515 3885 informare
537 3819 669 3904 possint.
