2918 4794
603 305 850 349 Pnouneounru.
1228 305 1289 345 XIX

164 453 206 520 In
220 454 325 519 fronte
341 453 495 538 cuiusque
513 452 652 540 paginae
665 451 772 538 operis
787 451 899 517 titulus
916 473 955 516 ac
968 449 1042 517 libri
1063 473 1217 518 numerus
1238 452 1288 516 in·

166 564 328 642 dicantur,
356 563 502 650 exceptis
524 562 686 648 aliquibus
707 585 727 627 e
747 562 881 650 ligatore
902 561 1066 629 mutilatis.
1098 560 1229 628 Indices
1250 585 1289 629 ea

164 672 371 761 inscriptione
399 673 589 761 plerumque
616 683 740 752 carent,
768 671 931 742 undecimi
959 673 1063 738 solum
1083 669 1157 738 libri
1179 672 1290 738 addite

164 793 214 851 est
234 783 413 870 inscriptio.

208 893 408 961 Universum
435 916 518 982 opus
540 893 725 960 Plinianum
751 891 798 957 ita
817 893 1007 977 inscriptum
1029 903 1110 959 erat:
1144 891 1178 959 0.
1200 893 1291 960 Plini

168 1003 309 1070 Secundi
328 1017 463 1073 naturae
483 1006 689 1071 leaenarum
711 1004 798 1082 libri,
819 1013 856 1068 ut
877 1025 895 1068 e
916 1025 949 1089 p.
973 1006 1046 1082 177,
1062 1006 1092 1069 2.
1112 1005 1143 1069 3.
1172 1004 1246 1083 222,
1269 1006 1289 1068 2

163 1125 311 1202 apparet.

686 1322 764 1406 §5-

378 1488 429 1541 Du
446 1485 665 1541 conuertens
683 1485 875 1538 scamnum
892 1484 941 1537 Ac
960 1484 1082 1538 SIGLIS.

209 1617 472 1705 Unumquodque
504 1619 683 1706 scripturae
715 1616 944 1705 compendium
975 1617 1137 1683 indicatur
1169 1602 1290 1704 puncto

167 1728 300 1805 ultimae
314 1729 462 1795 vocabuli
477 1729 588 1795 literae
606 1728 728 1808 addito,
743 1738 780 1794 ut
794 1727 949 1814 exemplis
966 1739 1110 1794 utemur:
1126 1725 1290 1815 -b·[us],

167 1825 277 1926 q·[oc]
300 1839 351 1905 vel
373 1839 551 1927 a·[cripoit]
579 1863 611 1926 p.
636 1840 714 1917 117,
738 1840 774 1916 2,
797 1837 1080 1925 observat-[iones]
1103 1861 1135 1923 p.
1157 1839 1235 1915 225,
1257 1837 1289 1916 8,
1379 1902 1382 1907 .

167 1944 375 2032 histor-[icc]
393 1971 425 2035 p.
449 1951 522 2028 225,
545 1952 576 2015 7.
612 1949 788 2016 Praeterea
815 1959 924 2013 autem
952 1958 1109 2032 punctum
1134 1946 1224 2011 iuxta
1250 1947 1289 2013 li-
1336 1986 1339 1991 ·

167 2067 255 2124 teras
276 2059 374 2145 paulo
398 2059 547 2147 superius
562 2060 721 2140 scribitur,
743 2082 807 2144 quo
822 2060 1032 2146 seiungantur
1046 2057 1199 2124 orationis
1214 2079 1289 2140 par-

167 2168 294 2247 ticulae,
315 2167 372 2233 ubi
393 2168 489 2234 hodie
509 2179 701 2235 commatum
723 2168 773 2233 vel
794 2167 907 2254 puncti
929 2169 1031 2255 signis
1053 2167 1183 2234 utimur.

210 2275 596 2363 Lineola-praesertim
618 2278 652 2341 in
673 2277 737 2342 fine
758 2300 872 2342 versus
896 2277 1057 2362 significet
1077 2302 1109 2341 m
1131 2276 1183 2341 vel
1204 2301 1236 2354 n,
1257 2276 1293 2340 in

169 2385 286 2450 mediis
307 2395 417 2450 autem
439 2385 533 2451 lineis
555 2386 607 2451 vel
627 2386 791 2452 vocabulis
812 2385 934 2450 indicat
946 2407 1172 2470 quamcunque
1195 2384 1292 2469 sylla-

169 2511 244 2578 bam
273 2513 438 2591 omissam,
468 2524 506 2577 ut
532 2535 564 2598 p.
587 2516 668 2591 222,
690 2516 713 2578 4
738 2501 833 2600 ιἰιοῷ·
857 2535 915 2598 pro
940 2515 1063 2600 incipit.
1099 2512 1199 2578 Haud
1220 2536 1292 2579 raro

169 2633 279 2688 autem
294 2622 496 2707 antiquarius
509 2622 572 2690 hoc
587 2621 777 2709 compendio
791 2623 839 2688 uti
852 2623 1005 2712 neglexit,
1025 2645 1091 2707 qua
1103 2623 1144 2688 de
1158 2646 1193 2689 re
1206 2623 1293 2687 infra

168 2745 294 2833 agetur.
319 2733 462 2799 Tenuior
477 2734 593 2801 lineola
608 2733 751 2799 numeris
766 2733 916 2819 imposita
932 2746 1001 2812 est,
1019 2756 1084 2818 quo
1100 2733 1224 2798 facibus
1239 2732 1291 2797 di-

175 2861 296 2949 stingui
318 2872 451 2946 possent
472 2884 492 2926 a
512 2860 615 2927 literis
642 2860 732 2948 ipsie,
758 2869 794 2925 ut
815 2859 987 2926 afferamus
1014 2847 1070 2926 dcc
1090 2882 1124 2946 p.
1139 2861 1212 2939 207,
1235 2863 1292 2940 14;

168 2971 280 3035 eadem
301 2981 409 3036 autem
433 2969 549 3037 lineola
571 2993 669 3057 supra
694 2991 861 3036 numerum
886 2970 984 3034 ducta
1009 2970 1095 3033 mille
1121 2969 1293 3056 significat,

171 3117 200 3159 e.
221 3119 254 3180 g.
272 3084 420 3183 ffip.
445 3098 497 3174 94,
521 3099 571 3162 13.
609 3095 646 3161 Si
674 3119 752 3162 vero
773 3097 891 3179 literae,
908 3097 1087 3162 numerales
1108 3095 1160 3160 vel
1182 3096 1294 3162 ultima

172 3227 282 3269 earum
302 3203 419 3270 lineola
439 3210 498 3291 ¹per
519 3205 660 3270 medium
682 3206 829 3272 traducta
849 3192 1006 3284 secantur,
1033 3205 1233 3289 antiquarius
1255 3231 1294 3274 ea

171 3313 343 3400 scriptione
369 3313 520 3380 lectorem
550 3315 719 3381 advertere
747 3315 848 3380 voluit
876 3339 940 3381 non
977 3327 1078 3382 totum
1112 3339 1293 3396 numerum,

171 3423 230 3489 sed
256 3423 422 3490 dimidiam
450 3436 574 3513 partem
607 3425 676 3492 eius
704 3425 791 3514 signi
818 3429 1031 3503 numeralem,
1064 3427 1151 3510 quod
1178 3428 1294 3493 lineola

171 3545 354 3600 transversa
373 3535 512 3601 divisum
534 3546 593 3613 est,
615 3535 866 3624 intellegendam
888 3558 968 3615 esse,
991 3548 1027 3601 ut
1050 3536 1197 3625 exemplo
1219 3551 1293 3601 uta-

169 3665 242 3708 mur
264 3645 319 3710 laa
337 3643 359 3709 i.
383 3667 411 3709 e.
436 3647 498 3728 644
520 3647 620 3729 p.94‚
639 3646 688 3711 15.
711 3644 778 3710 Per
799 3667 936 3711 vacuum
957 3669 1069 3712 versus
1090 3646 1293 3712 intervallum

168 3753 203 3816 in
228 3753 292 3818 fine
318 3754 467 3820 sectionis
494 3753 654 3819 interdum
680 3753 797 3820 lineola
823 3756 978 3839 perducta
1005 3766 1070 3834 est,
1104 3777 1186 3840 quae
1213 3756 1294 3822 nihil

143 3861 304 3940 *indicat,
326 3863 388 3929 nisi
409 3863 513 3929 locum
534 3863 632 3929 istum
653 3885 791 3928 vacuum
811 3863 957 3929 relictum
979 3887 1067 3941 esse3
1090 3886 1156 3948 qua
1176 3866 1293 3933 lineola

170 3971 294 4037 cavisse
315 3971 443 4039 videtur
463 3972 675 4058 antiquarius,
697 3994 738 4037 ne
760 3972 939 4038 emendatio
961 3972 1068 4060 aliqua
1089 3975 1290 4043 adiiceretur.

212 4076 350 4166 Signum
368 4103 391 4149 t<
405 4093 437 4150 et
452 4109 476 4152 ι.
491 4084 559 4170 (vel
620 4107 652 4170 p.
670 4084 742 4162 191,
761 4086 812 4147 11.
833 4083 907 4161 213,
924 4085 960 4169 6)
980 4083 1014 4148 in
1036 4095 1174 4152 exeunte
1196 4109 1293 4153 versu

168 4188 308 4275 positum
323 4203 374 4257 est
386 4192 583 4279 plerumque,
599 4193 656 4260 ubi
671 4192 862 4261 vocabulum
880 4192 1069 4281 seiungitur,
1092 4207 1129 4261 ut
1143 4195 1293 4283 dcallbcnt

1072 4314 1089 4350 Ι
