2918 4794
1251 241 1269 304 5

149 415 180 474 Si
200 434 257 472 non
278 424 372 473 cessat
391 415 473 473 lusor
487 416 621 490 perdere,
642 434 678 472 ne
698 415 865 490 perdiderit,
890 413 1135 486 quemadmodum
1155 422 1269 489 tempe·

147 526 225 581 rabit
246 524 314 595 sibi,
337 525 387 599 qui
406 524 554 582 fortunam
576 525 720 596 sequitur,
744 533 773 581 et
793 524 908 580 assidue
930 521 1037 580 vincit?
1067 522 1132 596 Ego
1153 524 1269 596 quidem

147 634 203 691 hoc
223 635 304 691 velut
324 632 442 691 stimulo
463 633 609 703 incitatus,
632 635 688 690 etsi
708 651 858 706 nunquam
880 634 1004 688 antehae
1025 632 1061 688 de
1075 631 1171 688 Plinio
1191 632 1270 688 omni

148 750 200 800 aut
213 749 295 800 tanta
308 741 397 800 Plinii
415 751 499 817 parte
518 743 697 800 recensenda
712 742 900 815 cogitasscm3
923 741 978 797 etsi
997 740 1115 797 minime
1137 749 1200 797 tum
1215 759 1270 798 va·

147 871 231 923 ouus,
256 859 350 910 totum
376 853 514 910 volumen
540 852 653 924 transii,
680 851 818 926 quicquid
843 851 965 907 distaret
990 869 1008 906 a
1033 849 1176 923 vulgatis,
1202 849 1272 906 data

148 980 237 1037 opera
256 970 393 1019 enotens:
415 961 571 1035 omniaque
590 962 703 1019 utiliter
723 981 740 1018 e
758 958 942 1030 chifletiano,
964 979 1001 1017 ex
1014 957 1169 1016 Hermolai
1184 956 1271 1019 Gele-

148 1071 246 1145 niique
266 1079 295 1128 et
309 1070 443 1128 Rhenani
461 1089 496 1127 ac
514 1068 644 1127 Pintiani
664 1071 747 1128 bonis
769 1070 916 1128 codicibus
935 1073 1073 1143 excerpta
1090 1068 1198 1125 ibidem
1218 1069 1270 1126 de·

148 1179 300 1255 prehendi:
321 1188 351 1237 et
369 1181 490 1255 insuper
510 1178 593 1237 velut
606 1181 803 1251 corollarium,
825 1179 904 1236 unde
923 1177 981 1265 hoc
994 1176 1134 1235 schedion
1148 1185 1270 1234 constat.

147 1289 272 1359 Verum,
289 1291 402 1365 opinor,
417 1289 559 1365 praestiti,
576 1290 654 1363 quod
670 1289 811 1359 dicebam,
833 1307 895 1346 rem
910 1286 1067 1346 occasionis
1082 1304 1156 1343 esse.
1181 1283 1271 1343 simi·
1359 1328 1364 1335 .

148 1399 184 1454 lis
200 1393 369 1475 αὐτοματία
384 1399 539 1455 editionem
554 1397 677 1455 extorsit
690 1396 769 1455 mihi.
794 1397 885 1455 Venit
903 1397 979 1455 enirn
998 1402 1066 1471 post
1080 1394 1181 1470 paullo
1195 1393 1270 1452 forte

147 1506 264 1564 librario
283 1507 313 1564 in
332 1516 458 1565 mentem
478 1506 568 1565 Plinii
589 1507 764 1567 Naturalem
784 1507 946 1564 Historiam
968 1506 1130 1564 formarum
1150 1522 1271 1561 suarum

147 1615 290 1690 elegantia
303 1617 497 1691 deproperare
512 1615 599 1685 velle,
619 1633 726 1689 meque
746 1617 784 1673 ad
804 1635 891 1674 omne
906 1635 981 1691 opus
1003 1615 1178 1687 exigendum
1193 1614 1272 1671 invi-

149 1725 240 1781 tabat.
262 1723 347 1796 Mihi,
369 1726 421 1798 qui
439 1725 610 1782 iamdudum
629 1727 682 1782 bos
702 1725 838 1795 clitellas,
861 1733 891 1782 et
904 1725 972 1800 plus
992 1724 1169 1798 complector
1183 1741 1272 1796 quam

148 1834 325 1903 contineam3
348 1834 399 1906 qui
413 1835 516 1891 morbo
530 1833 618 1891 insito
633 1851 691 1890 non
706 1850 826 1908 possum
841 1835 946 1891 leviter
966 1833 1096 1908 defungi,
1117 1833 1168 1890 sed
1187 1833 1271 1906 quic-

148 1942 218 2015 quid
234 1943 402 2017 suscipiam,
418 1961 475 2016 ago
489 1961 544 2017 pro
560 1942 687 2012 viribus3
703 1944 753 2016 qui

352 2054 412 2109 Per
434 2056 630 2128 quinquennia
652 2055 708 2110 iam
730 2055 832 2124 decant,

352 2161 394 2217 Ni
407 2164 510 2236 fultor,
526 2165 660 2236 fatuatur
683 2165 819 2238 septimus
840 2166 961 2236 insuper

351 2269 467 2326 Annam
488 2273 575 2328 cordo
597 2280 688 2335 rotat,-

149 2395 213 2433 sero
240 2394 322 2451 spem
348 2376 469 2452 longam
493 2378 644 2449 inchoare,
672 2388 701 2435 et
722 2397 832 2435 novum
852 2397 887 2436 ac
912 2381 964 2436 vix
987 2398 1039 2454 per
1065 2397 1096 2436 se
1121 2380 1273 2436 tractabile
1287 2386 1334 2435 766

148 2487 263 2560 pondus
283 2487 407 2544 adiicere
425 2487 558 2560 religioni
578 2486 643 2544 tuit.
676 2486 742 2545 Etsi
762 2495 860 2544 autem
876 2488 949 2546 haee
966 2489 1106 2564 pleraque
1128 2488 1225 2546 omnia
1242 2489 1273 2545 in

147 2595 330 2668 marginibus
349 2604 402 2652 aut
420 2596 451 2653 in
472 2596 646 2655 adversariis
667 2597 821 2655 haererent
841 2597 925 2655 mihi:
952 2606 1050 2655 tamen
1069 2599 1137 2656 inde
1159 2616 1273 2656 sumere

148 2705 260 2761 animos
283 2706 321 2762 ad
342 2724 458 2762 omnem
474 2707 601 2764 Plinium
622 2707 843 2777 restituendum,
864 2708 893 2765 id
913 2727 983 2766 vero
1004 2709 1096 2767 simile
1118 2709 1273 2767 videbatur

148 2814 273 2872 delicato
287 2815 330 2870 illi
344 2816 532 2886 adolescenti,
548 2817 598 2889 qui
612 2817 681 2873 dum
695 2817 725 2874 in
739 2817 824 2874 litore

301 2925 367 2981 Huc
382 2928 414 2994 it,
430 2934 456 2981 et
471 2925 534 2982 binc
551 2928 628 2995 illuc,
644 2929 715 2982 etin
729 2928 919 2984 alludentibus
935 2929 1020 2984 undis

301 3032 419 3088 Summa
428 3035 546 3108 pediam,
562 3036 674 3108 taloque
688 3044 769 3091 tenus
783 3037 901 3108 vestigia
917 3038 1010 3108 tingit,

149 3142 290 3199 scalmum
312 3140 387 3198 forte
405 3143 523 3217 reperit,
546 3150 575 3199 et
597 3145 634 3200 ob
655 3161 718 3199 eam
739 3161 802 3199 rem
817 3160 848 3199 se
864 3161 969 3200 navem
984 3143 1128 3200 fabricare
1142 3138 1276 3219 postula?

148 3253 214 3308 bat:
241 3251 412 3326 praesertim
436 3270 502 3308 cum
521 3271 615 3327 neque
636 3251 705 3324 illis,
732 3271 808 3326 quae
830 3253 900 3310 olim
921 3252 1093 3328 impeditum
1113 3274 1160 3311 me
1181 3254 1273 3313 habe·

148 3362 234 3431 bant,
256 3360 429 3420 sufficerem.
457 3361 581 3419 Interim
603 3363 717 3436 quoties
740 3364 893 3420 audiebam
913 3364 1054 3421 maturari
1074 3382 1163 3440 opus,
1185 3366 1274 3423 tacita

148 3469 256 3527 invidia
270 3472 386 3528 onerari
401 3478 430 3527 et
444 3471 558 3547 pulsari
568 3490 616 3528 me
632 3473 803 3544 sentiebam,
817 3473 867 3546 qui
877 3474 1001 3543 muneri,
1014 3475 1091 3546 quod
1107 3476 1274 3533 accessione

150 3580 376 3653 haudquaquam
392 3583 555 3655 spernenda
570 3600 674 3638 ornare
690 3582 809 3640 videbar
823 3601 919 3656 posse,
935 3582 1079 3639 deessem:
1096 3592 1126 3641 ct
1139 3585 1273 3657 singulae

150 3690 311 3746 mentiones
331 3695 416 3745 erant
437 3690 520 3762 quasi
541 3691 781 3764 exprobrationes
801 3690 961 3747 immemori
983 3708 1066 3747 meae
1085 3691 1113 3747 in
1136 3692 1273 3750 iuvandis

151 3798 229 3853 omni
244 3816 297 3872 ope
313 3798 404 3856 literis
419 3797 559 3873 pristinae
575 3799 802 3856 consuetudinis.
825 3800 860 3856 In
880 3799 936 3856 hoc
956 3808 1038 3856 aestu
1054 3800 1273 3859 deliberationis

150 3906 199 3962 diu
214 3924 330 3963 rursum
346 3925 482 3983 prorsum
497 3907 622 3965 iactatus
637 3909 754 3965 tandem
769 3907 809 3965 ita
823 3927 936 3965 mecum
951 3909 1090 3982 transegi,
1107 3916 1149 3979 ut,
1172 3929 1230 3984 quo
1245 3920 1274 3969 et

149 4015 267 4089 publico
282 4018 482 4075 consuleretur
502 4025 531 4074 et
550 4017 728 4074 minneretur
747 4017 816 4074 mihi
835 4017 929 4088 labor,
951 4019 1087 4091 quicquid
1109 4028 1182 4090 erat,
1204 4035 1272 4078 eur-

150 4131 212 4182 tum
233 4126 302 4184 licet
322 4136 410 4199 atque
434 4129 603 4185 inchoatum
623 4128 703 4184 exire
724 4112 864 4197 sinerem,
892 4128 1133 4202 explicationibus
1159 4137 1272 4188 tantum
