2918 4794
603 299 849 357 rnonnuouuus.

675 604 690 685 s
725 584 775 667 1o.

404 814 408 839 ¹
477 758 526 810 DE
544 757 802 810 AUCTORITATE
821 759 971 810 comem.

207 887 323 955 Restat
343 891 417 969 iam,
444 902 482 955 ut
508 891 548 955 de
577 889 762 956 auctoritate
789 889 947 973 quaedam
969 889 1174 964 disseramus,
1202 907 1284 970 quae

164 1011 275 1065 nostro
297 1001 399 1066 codici
422 1000 577 1086 rescripto
600 997 770 1064 tribuenda
792 997 834 1064 sit
861 997 896 1061 in
917 997 1026 1084 operis
1047 996 1188 1062 Pliniani
1210 994 1285 1061 crisi

165 1111 353 1176 exercenda.
375 1108 645 1192 Antiquissimum
666 1107 838 1176 cuiuslibet
860 1107 1021 1194 scriptoris
1036 1106 1161 1172 classici
1176 1126 1285 1169 exem·
1396 1166 1404 1181 ,

165 1219 236 1306 plar
257 1219 431 1285 maximam
450 1218 537 1284 haud
555 1219 650 1285 dubie
665 1219 888 1286 auctoritatem
902 1219 966 1283 iam
980 1216 1054 1283 ideo
1069 1215 1175 1295 habet,
1200 1213 1288 1299 quod

165 1329 235 1394 sius
262 1329 394 1418 scriptio
416 1330 533 1417 exiguo
555 1330 723 1395 dumtaxat
745 1330 900 1416 temporis
920 1327 1089 1394 intervallo
1115 1326 1156 1393 ab
1183 1324 1287 1412 ipsius

165 1440 303 1506 auctoris
317 1439 512 1508 coniectione
526 1439 600 1507 libri
615 1441 759 1507 emuncta
773 1452 832 1520 est,
844 1462 883 1506 ac
897 1439 1033 1526 proinde
1047 1438 1155 1525 ipsum
1169 1458 1233 1501 uon
1246 1435 1288 1501 iis

165 1549 316 1615 vitiorum
337 1550 464 1616 labibus
485 1552 735 1618 contaminatum
753 1562 812 1628 est,
835 1549 954 1634 quibus
967 1548 1157 1636 posterioris
1174 1544 1289 1613 aetatis

167 1661 314 1745 exempla
327 1661 503 1745 depravata
526 1671 608 1724 sunt.
631 1658 758 1741 Quodsi
779 1660 866 1725 idem
886 1660 968 1725 liber
982 1683 1002 1724 a
1017 1660 1085 1725 viro
1099 1659 1195 1724 docto
1209 1679 1290 1724 eon·

168 1769 308 1852 scriptus
322 1779 354 1832 et
370 1769 558 1833 emendatus
576 1780 635 1845 est,
651 1790 690 1832 eo
707 1766 808 1833 maior
825 1770 1012 1854 apographo
1028 1769 1202 1834 auctoritas
1218 1769 1289 1833 iure

167 1877 335 1942 tribuetur.
359 1875 563 1962 Quamquam
583 1899 659 1942 vero
674 1878 771 1943 totius
790 1877 897 1964 operis
911 1876 1050 1942 Pliniani
1064 1879 1177 1956 codex,
1193 1900 1289 1962 quem

167 1986 492 2071 repraesentavimus,
516 1988 682 2074 septimam
703 1985 817 2067 modo,
838 1987 928 2073 quod
949 1987 1155 2054 vehementer
1176 1988 1288 2053 dolen·

166 2096 244 2161 dum
264 2108 327 2175 eat,
357 2096 498 2163 continet
518 2109 659 2182 partem,
687 2107 827 2165 attamen
853 2099 905 2164 his
925 2099 1008 2186 ipsis
1028 2097 1218 2187 fragmentis
1239 2099 1288 2163 la-

167 2228 250 2271 cuna
278 2216 385 2272 textus
414 2205 603 2285 resarcitur,
631 2229 713 2292 quae
739 2208 774 2271 in
800 2210 921 2292 optimo
943 2208 1054 2274 codiee
1075 2208 1288 2274 Rieeardiano

168 2314 231 2402 (R)
252 2315 371 2381 alibro
384 2315 485 2380 XIII.
509 2318 580 2400 §88
601 2316 725 2401 incipit.
746 2317 856 2401 Atque
878 2317 1009 2402 probari
1030 2328 1138 2402 potest
1154 2317 1288 2395 nullum,

169 2436 322 2510 quotquot
342 2425 448 2491 adhue
469 2425 678 2505 innotuerint,
705 2427 866 2506 codicum,
894 2426 1013 2511 quibus
1041 2425 1136 2514 Silttq
1160 2428 1195 2491 in
1220 2426 1289 2491 edi-

169 2536 254 2601 tione
276 2559 336 2601 sua
355 2558 435 2602 naus
458 2545 516 2615 est,
539 2554 580 2601 ex
600 2535 662 2601 hoc
682 2536 891 2623 palimpsesto
914 2536 1089 2623 ascriptum
1113 2558 1193 2615 esse,
1216 2559 1289 2602 eum

168 2668 278 2710 omnes
299 2647 396 2732 longo
417 2656 561 2733 tempore
582 2645 648 2711 sint
669 2646 823 2736 exarati„
831 2657 1051 2732 posteaquam,
1080 2657 1188 2712 vetere
1210 2645 1289 2712 scri·

168 2765 264 2841 ptura
278 2755 398 2835 abluta,
415 2757 497 2822 alius
513 2757 696 2846 argumenti
711 2779 795 2843 opus
811 2756 845 2821 in
858 2756 909 2823 his
923 2754 1118 2822 membranis
1134 2757 1290 2844 scriptum

169 2876 225 2930 est
253 2864 335 2931 Inde
361 2867 478 2931 mirum
503 2889 568 2932 non
596 2879 647 2932 est
669 2867 802 2933 lacunas
828 2868 985 2951 quasdam
1014 2867 1084 2933 eius
1112 2889 1209 2951 quam
1231 2888 1290 2933 nos

168 2974 355 3040 exhibemus
377 2976 496 3041 codicis
516 2998 576 3062 per
592 2976 673 3042 alios
691 2977 928 3063 manuscriptos
943 2977 1076 3064 expleri,
1092 2977 1126 3040 in
1141 2977 1289 3042 omnibus

169 3095 277 3149 autem
296 3084 386 3149 libris
408 3108 486 3150 mss.
508 3084 696 3163 desiderari,
724 3108 806 3170 quae
827 3086 861 3151 in
882 3087 943 3152 hoo
965 3087 1032 3152 solo
1053 3088 1224 3173 leguntur,
1252 3098 1290 3151 ut

170 3195 357 3260 afferamus:
384 3193 440 3260 lib.
462 3192 527 3258 Xl.
550 3198 565 3278 ξ
586 3195 626 3258 88
651 3196 758 3260 album
773 3199 836 3262 mel
851 3248 892 3261 ..
910 3198 1069 3262 υῑοινίὁω
1091 3199 1290 3284 aptissimum

169 3305 423 3390 p14,14..16‚
445 3303 500 3369 lib.
522 3302 619 3370 XIV.
644 3308 659 3390 ξ
681 3308 722 3369 47
744 3309 779 3371 ia
800 3309 867 3372 ello
887 3310 1025 3371 cinaeus
1045 3360 1086 3371 ...
1107 3319 1191 3372 recto
1214 3327 1290 3371 coa·

170 3418 288 3480 duntur
309 3438 343 3499 p.
364 3415 436 3492 195,
456 3417 562 3490 2-4,
584 3415 638 3481 lib.
661 3414 760 3481 XIV.
784 3419 798 3501 ξ
822 3417 884 3481 140
910 3438 988 3501 quac
1009 3419 1043 3481 in
1065 3418 1197 3482 bibendo
1221 3439 1289 3481 oer-

170 3527 291 3589 tominc
312 3546 343 3609 p.
360 3525 433 3601 217,
454 3524 548 3601 5..e,
570 3523 626 3589 lib.
640 3523 720 3590 XV.
744 3527 815 3610 §59
836 3546 937 3611 aeque
955 3527 1042 3590 ultro
1054 3578 1094 3590 ..
1106 3528 1217 3612 pluvio
1238 3529 1290 3591 die

170 3655 202 3718 p.
217 3635 292 3711 248,
307 3634 400 3699 8..9.

212 3742 328 3827 Itaque
342 3741 519 3821 videamus,
533 3743 619 3828 quod
635 3744 727 3827 quasi
742 3744 939 3830 cognationis
954 3744 1117 3810 vinculum
1131 3743 1184 3809 hic
1196 3743 1290 3821 liber,

171 3874 266 3935 quem
286 3853 505 3919 Veronensem
535 3853 736 3932 vocavimus,
767 3875 838 3917 eum
867 3853 1030 3920 codicibus
1057 3876 1134 3919 mss.
1162 3852 1288 3933 habeat,

172 3982 252 4045 quos
287 3961 382 4048 Sillip
415 3961 570 4028 adhibuit.
620 3962 775 4041 Codices,
804 3984 885 4047 quos
919 3962 968 4027 vir
1001 3963 1053 4028 ille
1087 3963 1290 4030 doctissimus

175 4069 264 4156 siglis
291 4070 438 4138 arduo
454 4084 486 4138 et
499 4070 669 4138 VRabcu
692 4073 822 4150 notavit,
844 4093 1037 4156 quamquam
1058 4073 1159 4138 multo
1181 4097 1290 4141 reeen-
