2918 4794
181 384 225 423 11.
622 378 867 420 PROIAEGOMBNA·

224 526 362 602 Accedit
383 527 564 603 autemhic
583 525 667 591 liber
688 538 851 608 tamquam
873 524 1130 609 supplementum
1152 524 1303 592 editionis

184 633 388 722 Silligianae,
416 637 508 702 cuius
535 634 742 722 potissimum
773 633 926 698 rationem
953 633 1105 699 duximus
1133 645 1166 698 et
1191 634 1225 698 in
1253 634 1303 700 his

181 746 419 832 prolegomenis
447 757 478 811 et
504 746 538 810 in
567 744 768 810 adnotatione
795 743 899 809 textui
929 742 1084 809 subiecta
1116 743 1243 831 Atque,
1267 756 1304 808 ut

180 856 358 941 legentium
379 857 480 921 oculis
502 857 700 922 subiceretur
719 855 827 942 imago
842 853 1002 938 quaedam
1021 853 1063 917 sd
1081 853 1299 937 antiquissimi

181 966 256 1032 libri
280 965 431 1051 speciem,
452 976 606 1050 quantum
619 988 679 1052 per
694 963 971 1052 typographorum
984 976 1085 1030 artem
1099 963 1169 1028 fieri
1183 974 1304 1048 posset,

183 1098 281 1160 quam
301 1075 538 1147 accuratissime
561 1098 723 1163 expressa,
745 1076 828 1141 hanc
848 1074 1021 1140 editionem
1034 1073 1243 1160 palimpsesto
1257 1075 1304 1140 ita

183 1187 421 1252 assimilandam
442 1186 645 1265 curavimus,
672 1197 710 1250 ut
730 1186 881 1264 formam,
903 1205 1072 1250 numerum
1092 1206 1245 1249 versuum
1265 1205 1304 1248 sc

181 1295 359 1374 literarum,
397 1297 587 1383 compendia
616 1297 791 1374 scribendi,
827 1295 925 1382 sigla,
960 1295 1069 1359 literas
1105 1294 1304 1382 contignatas

182 1418 279 1490 atque
301 1407 397 1470 etiam
419 1408 556 1472 colorem
579 1405 712 1475 rubrum
733 1406 906 1470 initialium
930 1422 1080 1470 versuum
1101 1427 1134 1491 p.
1157 1406 1207 1469 79.
1232 1404 1304 1470 183.

183 1518 245 1580 229
270 1537 487 1593 servaremus3
516 1528 696 1602 praeterea,
724 1526 761 1580 ut
788 1517 894 1600 quivis
921 1515 1034 1579 harum
1054 1531 1162 1580 rerum
1182 1514 1306 1600 peritus

185 1624 226 1689 de
249 1624 369 1691 codicis
390 1637 494 1690 aetate
517 1648 611 1690 suum
632 1626 703 1710 ipse
719 1618 780 1691 sibi
794 1626 897 1691 facere
917 1635 1028 1710 posset
1045 1624 1211 1704 iudicium,
1233 1626 1306 1710 ipsa

183 1735 359 1820 scripturae
382 1735 569 1821 specimina,
591 1758 632 1800 ex
653 1735 845 1819 quibusdam
865 1735 995 1822 paginis
1015 1735 1127 1820 petita,
1149 1734 1183 1799 in
1197 1735 1307 1800 tabula

181 1844 416 1931 lithographlca
436 1838 482 1908 ita
504 1847 735 1931 expressimus,
763 1856 800 1910 ut
826 1845 956 1910 artificis
983 1844 1120 1910 imitatio
1146 1856 1203 1908 aut
1225 1839 1306 1908 nihil

183 1965 240 2019 sut
266 1948 432 2018 minimum
466 1953 507 2020 ab
540 1954 740 2044 autographo
766 1955 947 2021 Veronensi
982 1955 1049 2020 sive
1079 1952 1308 2039 San-paulino

184 2064 324 2129 abludat.

225 2173 411 2238 Indiscreta
439 2175 594 2240 vocabula
622 2176 859 2260 separavimus,
892 2186 926 2239 at
954 2173 1010 2239 ubi
1039 2189 1105 2237 una
1132 2174 1307 2259 eademque

184 2280 277 2346 litera
299 2281 332 2346 in
354 2282 417 2346 fine
437 2283 554 2369 prioris
576 2296 608 2350 et
628 2285 720 2351 initio
741 2284 928 2372 posterioris
950 2283 1039 2350 vocis
1062 2285 1160 2349 semel
1182 2293 1306 2349 tantum

185 2395 304 2480 scripta
326 2405 375 2458 est
396 2404 429 2458 et
449 2394 491 2458 ad
513 2406 681 2481 utramque
703 2418 814 2462 vocem
836 2394 990 2480 pertinet,
1015 2393 1157 2479 syllabae
1181 2395 1308 2482 seiungi

184 2527 247 2569 non
280 2513 466 2590 potuerunt,
498 2528 538 2570 nc
568 2507 681 2571 modus
711 2506 872 2572 scribendi
900 2505 1051 2590 antiquus
1079 2504 1307 2571 obliteraretur.
1354 2500 1356 2504 ⁸

184 2613 402 2679 Exhibuimus
430 2616 538 2697 itaque
572 2616 748 2679 lactescere
780 2633 840 2700 pro
867 2617 944 2679 bost
970 2627 1082 2678 temore
1114 2638 1147 2700 p.
1172 2616 1231 2692 26,
1254 2615 1307 2690 26,

186 2725 403 2786 balitascandt'
423 2736 483 2806 pro
506 2723 622 2786 halitus
645 2726 757 2786 scandi
777 2745 809 2807 p.
832 2722 906 2801 218,
930 2726 960 2787 8.

230 2816 431 2916 Compendia
458 2822 635 2916 scripturae
660 2831 790 2915 punctis
819 2842 970 2896 notantur
997 2833 1088 2896 iuxta
1114 2834 1222 2898 literas
1249 2856 1308 2919 po·

189 2941 259 3006 sitis
266 2966 275 3016 3
299 2941 357 3005 scd
379 2953 416 3004 ut
438 2951 650 3026 cognoscatur
671 2943 704 3006 in
725 2941 787 3006 illis
808 2942 888 3007 locis
909 2944 1133 3028 compendium
1149 2944 1310 3009 scribendi

190 3051 372 3139 significari,
395 3074 460 3116 non
474 3051 774 3136 interminationem,
790 3053 825 3116 in
839 3053 1022 3138 parenthesi
1039 3054 1194 3137 syllabam
1209 3055 1308 3120 omis-

190 3185 257 3227 sam
285 3163 483 3241 addidimus,
514 3161 638 3228 etiamsi
665 3161 726 3229 hoc
754 3176 910 3248 punctum
937 3165 971 3228 in
994 3165 1105 3229 codice
1127 3163 1310 3248 neglectum

190 3285 250 3336 est.
277 3271 360 3336 Nam
382 3287 515 3358 puncta,
543 3296 627 3357 quae
649 3285 757 3359 partes
778 3275 930 3339 orationis
953 3275 1174 3360 distinguunt,
1197 3273 1231 3336 in
1253 3295 1309 3337 co-

189 3382 260 3445 dice
282 3384 469 3466 plerumque
490 3384 593 3448 lineae
615 3385 839 3468 imponuntur,
874 3384 961 3466 quod
987 3383 1108 3465 ubique
1135 3381 1310 3446 accuratis-

191 3490 270 3556 sime
292 3491 376 3575 typis
396 3491 559 3555 redditum
580 3504 640 3556 est.
662 3491 769 3555 Locos
791 3514 883 3568 vero,
905 3513 1041 3572 quorum
1057 3491 1201 3578 singulae
1216 3513 1310 3556 voces

190 3601 241 3667 vel
263 3600 373 3664 literae
395 3599 459 3663 iam
480 3599 545 3686 legi
567 3623 631 3664 non
651 3610 803 3684 possunt,
838 3609 870 3662 et
897 3597 954 3661 ubi
980 3598 1165 3664 membrana
1187 3600 1310 3664 lacunis

188 3700 328 3775 lacerata
349 3721 412 3787 est,
435 3709 565 3795 punctis
586 3706 763 3772 minoribus
785 3691 980 3787 notavimus,
1005 3708 1061 3773 scd
1085 3708 1241 3774 eiusmodi
1262 3711 1310 3775 la-

192 3843 292 3885 cunae
313 3819 414 3906 probe
437 3818 674 3903 distinguantur
696 3840 715 3880 a
737 3817 908 3884 maioribus
936 3819 987 3884 vel
1012 3814 1189 3884 minoribus
1210 3812 1312 3885 inter·
1428 3816 1431 3819 ’

194 3928 298 4008 vallis,
329 3931 363 3994 in
389 3927 508 4013 quibus
536 3928 587 3992 vel
615 3928 697 3992 linea
727 3940 776 3994 est
804 3926 950 3993 traducta
972 3926 1023 3994 vel
1045 3920 1133 3993 nulla
1154 3941 1257 3994 exstat
1279 3930 1313 3994 in

196 4041 302 4105 codice
326 4040 495 4124 scriptura,
518 4049 555 4103 ut
577 4039 733 4104 sectiones
756 4050 788 4103 et
810 4037 916 4124 capita
938 4048 1106 4104 secernant
1146 4088 1153 4104 .

237 4147 487 4212 Emendationes
520 4162 617 4235 supra
649 4149 767 4213 lineam
794 4146 931 4232 scriptas
958 4156 991 4211 et
1018 4146 1227 4214 correctiones
1256 4171 1313 4213 ex-

196 4269 387 4347 punctarum
410 4250 571 4324 literarum
594 4258 778 4326 vocavimus
800 4255 956 4324 lectiones
973 4256 1095 4342 primae
1110 4270 1143 4324 et
1156 4252 1314 4341 secundas
