2918 4794
165 271 207 335 84
657 291 799 335 aeonem

199 439 264 492 (ian.
281 440 356 491 XIII.
370 439 428 503 [57,
444 440 503 503 163]
522 441 608 491 Retio
623 442 675 491 eius
690 441 800 493 XXIII
810 441 836 491 in
852 440 939 502 utra,
960 439 1062 490 coemat
1075 440 1193 507 XVIII]
1212 436 1289 495 Voss.

163 523 327 588 praetiosius
341 525 405 575 XX
417 525 442 574 in
459 524 521 575 libra
536 524 639 576 coerulei
653 524 763 577 XVIII.
789 526 870 588 Lege:
890 524 977 575 Pretio
992 525 1043 574 eius
1063 527 1096 576 :X
1113 528 1147 577 X
1163 528 1188 576 in
1208 527 1290 591 librae,

166 608 267 657 coerulei
276 608 311 659 X
324 607 400 670 VIII,
418 609 527 671 honest,
540 609 635 660 denarii
645 609 730 672 decen,
744 618 770 661 et
781 609 877 659 denarii
887 617 945 660 octo.
1236 662 1242 671 x

202 689 265 754 [Iu]
292 692 401 742 Accessit
421 702 444 742 et
464 693 646 756 Nestorionum]
674 696 749 745 Voss.
767 703 794 744 et
809 695 933 744 Academ.
956 694 1127 744 Vestorionnm.
1155 697 1290 747 Vestorius

167 776 295 827 Ciceronis
312 779 409 827 amicos
424 779 451 826 in
470 778 583 843 epistolis
600 781 633 829 ad
650 780 766 829 Atticum
779 777 815 841 [4,
830 762 939 841 6Ῐ4κ4τ,
959 785 998 829 16.
1010 777 1090 841 men]
1109 787 1135 828 et
1153 780 1180 828 in
1197 787 1301 850 octavo,

166 858 203 923 [8‚
213 866 237 911 3.
245 860 313 923 init]
326 862 489 912 familiarium
500 878 517 911 a
527 864 616 915 Caelio
628 865 779 927 appellatur.
797 862 848 913 Vel
859 864 901 912 hic
911 862 952 912 vel
964 864 1040 913 huius
1051 863 1153 926 gentilis
1165 865 1187 913 ei
1199 872 1290 914 auctor

164 945 222 995 tuit.
240 946 372 996 Vitruvius
389 948 435 996 lib.
453 949 477 1008 t,
499 954 541 998 11:
561 945 672 996 Caerulei
687 947 864 1010 temperationes
877 948 980 1010 pmmum
997 945 1165 996 Alexandriae
1179 956 1235 996 sunt
1253 948 1289 997 iu-

165 1036 261 1091 uentam·
273 1039 359 1094 postea
369 1028 430 1080 idem
437 1095 441 1106 ι
449 1030 570 1080 Vestorius
580 1030 689 1081 Puteolis
700 1030 804 1080 instituit
811 1029 963 1090 faciendum.

200 1111 262 1185 [ib]
276 1114 384 1164 Pretium
396 1115 445 1164 eius
453 1115 509 1166 XL
520 1116 545 1164 in
557 1113 644 1178 libros]
658 1116 734 1166 Voss.
747 1115 780 1165 X
786 1131 800 1169 1
809 1117 867 1177 hoc,
879 1124 926 1177 ost,
939 1113 1052 1164 denarius
1063 1132 1129 1166 unus.
1148 1116 1191 1167 Sic
1203 1116 1290 1181 accipe

158 1213 229 1248 ‚mox
240 1213 354 1262 quoqne:
367 1200 433 1248 cuius
441 1199 545 1265 pretim
557 1200 591 1250 X
606 1198 660 1251 VII
669 1200 693 1248 in
705 1198 788 1249 librm
808 1201 858 1249 hoc
870 1209 916 1261 est,
929 1198 1025 1248 denarii
1035 1208 1129 1264 septem.
1147 1200 1290 1265 Utrobique

165 1289 252 1332 autem
264 1284 357 1334 absunt
368 1284 497 1335 Vossiano
510 1283 535 1333 in
548 1282 629 1335 libras.

200 1362 263 1428 [Ib.]
281 1365 348 1416 Idem
361 1376 383 1416 et
395 1367 525 1418 Putedm
533 1385 596 1431 usus,
605 1377 775 1432 praeterquam
792 1367 827 1418 ad
834 1367 973 1433 fenestras]
993 1371 1070 1420 Voee.
1081 1369 1202 1430 Pintiani‚
1219 1370 1288 1419 Men.

166 1449 235 1499 Gnd.
251 1459 396 1514 praeterque
408 1450 443 1500 ad
450 1454 583 1516 fenestras.
607 1453 650 1504 Sic
662 1453 729 1502 enim
742 1461 812 1503 amat
823 1454 902 1516 loqui,
917 1461 1068 1516 praeterque,
1084 1467 1130 1517 pro
1147 1460 1171 1500 et
1182 1452 1289 1514 insuper.

166 1533 209 1583 sic
221 1534 265 1583 lib.
279 1540 302 1594 9,
316 1541 331 1584 3
344 1533 380 1597 [1,
393 1533 433 1597 3]ι
447 1544 473 1584 ut
483 1553 542 1585 vera
551 1535 604 1598 flat
618 1535 685 1600 vulpi
699 1535 786 1600 opinio,
803 1535 917 1599 quicquid
932 1545 1046 1586 nascatur
1061 1537 1087 1585 in
1100 1543 1173 1600 parte
1189 1543 1290 1583 namrae

165 1615 224 1679 4114,
240 1618 299 1666 etin
310 1619 375 1668 mari
385 1635 442 1681 esse,
459 1629 604 1684 praeterque
614 1618 698 1682 multo,
716 1635 778 1683 quae
794 1636 910 1682 nusquam
921 1619 990 1671 alibi.
1009 1622 1051 1670 lib.
1065 1628 1106 1683 23,
1119 1625 1134 1670 8
1148 1617 1201 1682 [78,
1215 1615 1289 1680 150]:

166 1702 277 1752 Rauca
288 1702 377 1753 eosdem
389 1720 446 1752 usus
458 1704 544 1753 labent
554 1721 612 1768 quos
623 1704 700 1753 nurki
712 1703 786 1768 pinei,
801 1712 944 1767 praeterque
956 1703 991 1754 ad
1000 1705 1141 1769 serpentium
1158 1705 1225 1765 uua,
1241 1703 1290 1752 sive

166 1786 275 1850 edantur,
291 1787 340 1837 sive
352 1788 468 1840 bibantur.
485 1789 530 1839 lib.
543 1795 584 1850 29,
599 1796 613 1840 5
627 1787 680 1851 [33,
696 1787 768 1850 105]:
785 1786 829 1837 Ius
840 1804 869 1836 ea
880 1805 952 1837 carue
963 1789 1064 1839 arietum
1077 1789 1193 1852 pmuattm
1204 1785 1289 1836 adaer-

166 1888 206 1921 sus
217 1871 383 1935 cantharidas,
400 1873 455 1922 item
472 1873 510 1923 lac
525 1873 602 1922 caium
614 1871 734 1933 calidum,·
748 1881 891 1936 praeterque
903 1872 948 1934 tis,
965 1874 1007 1936 qui
1024 1873 1142 1937 buprestim
1153 1880 1197 1920 aut
1209 1871 1289 1920 aconi-

167 1965 214 2006 tum
231 1956 337 2006 biberint.
361 1958 405 2009 Sic
416 1958 559 2008 Vareniana
572 1966 598 2008 44
608 1958 720 2007 Pintiani
737 1958 846 2006 codices.
870 1955 914 2006 lib.
923 1963 968 2018 33,
981 1963 996 2005 2
1011 1955 1064 2019 [ta
1076 1955 1134 2018 ot]:
1150 1964 1290 2020 praeterque

166 2040 277 2090 armillas
293 2042 382 2090 ciuibus
397 2040 491 2103 dedere,
509 2058 570 2105 quas
586 2057 632 2091 non
649 2040 737 2089 labent
751 2040 850 2090 cotani.
868 2040 912 2089 lib.
925 2047 958 2090 34
971 2039 1025 2103 [13,
1039 2047 1079 2102 54,
1094 2039 1167 2102 tte]:
1187 2040 1229 2090 Vis
1240 2039 1290 2088 eius

167 2124 249 2174 eadem
261 2142 322 2189 quoe
333 2142 409 2189 supra
421 2123 497 2188 dictis,
510 2124 629 2174 leuissima
642 2133 719 2174 tamen
731 2141 760 2173 ea
771 2124 883 2186 enindus,
898 2132 1042 2188 praeterque
1053 2123 1089 2173 ad
1098 2122 1223 2173 candorem
1233 2123 1290 2185 soe·

167 2209 292 2260 minarum.
316 2211 358 2259 lib.
375 2215 421 2270 38,
436 2217 450 2260 8
464 2208 558 2274 [Legat
575 2216 616 2271 35,
630 2216 653 2270 8,
667 2217 708 2271 34,
723 2207 780 2271 5⁷]:
805 2209 883 2259 Venus
896 2207 1009 2272 protulit,
1029 2216 1169 2273 praeterque
1187 2208 1212 2256 in
1229 2215 1291 2256 ceste

168 2301 190 2341 et
202 2309 276 2356 ruqas
288 2302 311 2342 et
320 2293 387 2343 sinus
398 2293 493 2344 invenit.

528 2493 594 2559 AD
617 2492 736 2559 LIBR.
760 2492 934 2559 XXXIV.

203 2637 268 2688 cte.
285 2637 306 2685 I.
324 2635 403 2699 [inin]
427 2633 464 2683 Et
482 2635 602 2684 aerarium
623 2643 647 2683 et
666 2634 775 2683 obaerati
793 2635 824 2682 ab
845 2649 900 2682 aere
921 2631 990 2696 decu]
1015 2635 1144 2684 Vossiana
1164 2634 1291 2696 quantivis

168 2722 242 2783 pretii
258 2721 348 2770 lectio:
365 2727 388 2767 et
403 2718 534 2778 aerarium,
550 2718 666 2778 obaerati,
682 2733 738 2766 aere
755 2716 837 2767 diruti.
864 2719 955 2777 ¹Festus
973 2715 1014 2780 [4,
1032 2722 1072 2768 52.
1090 2734 1114 2781 p.
1133 2722 1174 2767 69.
1191 2715 1290 2778 Miill.]:

168 2802 281 2851 Dirutum
294 2818 349 2851 aere
365 2801 460 2850 militem
478 2800 594 2861 dicebaut,
610 2801 649 2850 cui
662 2799 802 2864 stipendium
819 2800 962 2864 iqnominioe
979 2817 1054 2850 causa
1069 2817 1115 2850 non
1132 2809 1185 2850 erat
1200 2798 1290 2851 dutum.

168 2884 232 2947 quod
242 2902 283 2934 aes
295 2882 433 2935 diruebatur
445 2885 469 2935 in
479 2885 575 2948 fiscum,
588 2902 633 2934 non
645 2885 671 2934 iu
683 2884 765 2934 militis
776 2884 903 2934 sacculum.

204 2967 266 3032 [Ib.]
285 2969 321 3022 Et
337 2970 390 3020 alia
406 2986 468 3034 quae
484 2979 587 3020 vetustos
604 2968 706 3019 tradidit
723 2987 774 3019 cum
791 2968 926 3032 aequalem]
945 2970 993 3019 His
1010 2970 1037 3018 in
1054 2966 1180 3018 verbisrrl
1193 2976 1292 3031 quaeat

168 3050 202 3102 τὰ
219 3053 320 3104 tradidit
335 3072 386 3104 cum
403 3056 610 3107 nec'Vnssianua
626 3069 675 3104 nec
691 3054 822 3106 Gudianus
838 3069 885 3104 nec
901 3053 1037 3116 Menapiue
1057 3066 1105 3101 nec
1122 3053 1292 3103 Academicus

168 3128 318 3202 agnoscuflt.
337 3141 430 3192 Omnia
442 3150 509 3191 recte
520 3142 659 3201 habebunt,
676 3140 697 3190 si
715 3137 823 3187 declarat
838 3138 916 3188 iacies
934 3152 981 3202 pro
994 3136 1134 3186 declamaret.
1153 3136 1292 3198 Docuimus,

168 3225 257 3287 inquit,
274 3224 387 3287 quamdiu
403 3224 504 3289 populus
514 3224 640 3273 Romanus
656 3239 711 3272 aere
729 3231 818 3271 tautum
835 3222 929 3286 siqnato
946 3238 1002 3270 usus
1012 3221 1051 3271 sit.
1070 3219 1121 3271 Sed
1131 3229 1154 3269 et
1164 3219 1217 3270 alt'a
1228 3227 1293 3268 vetu-

168 3316 219 3370 stae
231 3309 352 3372 aequalem
365 3309 419 3358 urbi
428 3309 594 3358 auctoritatem
606 3309 655 3356 eius
667 3306 783 3368 declarat,
801 3324 818 3355 a
829 3322 884 3370 reqe
897 3305 979 3356 Numa
991 3304 1088 3369 colleqio
1105 3303 1172 3353 tertio
1184 3302 1292 3351 auario-

169 3410 221 3441 rum
230 3394 333 3457 febrim
349 3393 461 3442 instituto.

205 3477 269 3528 Car.
286 3478 321 3527 II.
340 3475 381 3538 [5‚
401 3474 444 3537 10]
463 3475 513 3526 Hic
529 3484 563 3524 est
580 3475 701 3539 exemplar
717 3474 851 3536 Aeqinetici
868 3471 944 3535 aeres]
963 3474 1039 3523 Vasa.
1058 3474 1158 3523 melius:
1176 3472 1231 3522 Hoc
1248 3470 1294 3519 erit

170 3561 291 3625 exemplar
302 3561 435 3626 Aeqinetiei
445 3563 517 3611 aeru.

205 3644 267 3709 [lb]
287 3645 422 3696 Aemulatio
439 3654 517 3695 autem
534 3647 596 3695 etin
612 3645 714 3694 materia
724 3643 788 3708 suit]
812 3644 888 3694 Voss.
905 3641 1033 3692 aemulatio
1049 3642 1079 3692 lis
1096 3650 1119 3690 et
1133 3641 1165 3690 in.
1192 3640 1291 3691 Scribe:

170 3731 305 3781 Aemulatio
322 3730 353 3779 iis
370 3739 393 3779 et
408 3730 433 3779 iu
450 3731 550 3780 materia
560 3730 621 3794 fuit.
643 3729 776 3792 Polycleto
793 3737 819 3778 et
830 3729 940 3790 Myroni.
962 3724 994 3775 τὸ
1012 3735 1088 3776 auam
1106 3727 1175 3776 delet
1191 3733 1217 3773 et
1232 3724 1293 3773 Pin·

169 3818 260 3866 tianus.

204 3899 380 3962 cre.111.[o‚
396 3898 438 3962 11]
461 3897 584 3962 Clesippus
593 3897 672 3963 fullo]
691 3899 768 3947 Forte
783 3895 912 3959 Clesippus.
932 3895 974 3947 Sic
990 3894 1113 3958 Ctessppus
1125 3893 1253 3944 Chabriae
1264 3895 1293 3941 fi-

170 3984 219 4034 lins
238 3982 316 4048 [apud
330 3985 426 4034 Athen.
441 3983 500 4047 [IV,
515 3991 555 4034 60.
567 4000 591 4048 p.
607 3988 663 4032 165.
676 3981 719 4043 u]
737 3991 764 4031 44
775 3981 893 4030 Herculis
910 3981 961 4029 duo
977 3977 1083 4041 Ctesippi
1098 3978 1151 4038 filii,
1169 3993 1202 4026 ex
1213 3976 1294 4025 Deia-

170 4068 226 4115 nira
244 4066 325 4117 Oenei
341 4078 367 4117 44
383 4084 416 4119 ex
431 4054 584 4132 Astydamia
601 4068 763 4130 Amyntoris,
785 4066 806 4114 si
827 4071 894 4115 recte
911 4065 1005 4126 legitur
1022 4066 1089 4126 apud
1105 4060 1294 4125 Apollodorum

172 4147 218 4210 [II,
232 4154 254 4198 7.
268 4156 283 4199 8
296 4159 322 4200 et
337 4150 388 4214 12],
403 4165 428 4203 et
439 4155 486 4203 nisi
499 4152 583 4215 potius
595 4167 660 4200 unus
673 4160 710 4200 eet
724 4148 855 4212 Clesippus,
872 4162 948 4211 quem
960 4147 1004 4196 alii
1015 4144 1144 4207 Deianira,
1161 4146 1205 4196 alii
1216 4145 1294 4207 Asty·
