2918 4794
162 278 204 340 34
487 280 491 287 “
645 296 787 338 enonovr

166 448 256 500 Colores
273 448 342 498 buxei
357 445 438 496 rnele'or
454 463 524 509 quarn
542 447 620 511 niqra,
638 464 743 510 quaeque
760 447 834 508 lento,
853 463 923 511 quarn
940 464 1001 511 quae
1010 447 1123 513 frapilis.
1150 441 1285 500 Pintiamis

163 550 177 584 e
189 549 235 584 suo
246 533 318 596 nipri,
331 547 383 582 non
395 535 549 582 secundante
561 533 699 594 Vossiano,
712 548 759 582 nec
771 547 873 583 necesse
886 541 931 582 est.

196 617 260 668 Ger.
272 617 334 666 XII.
352 615 405 679 [14‚
419 615 463 677 30]
493 617 526 665 Ut
540 615 597 665 aliis
611 617 689 680 prosit
703 625 774 680 atquc
792 616 848 666 alir's
864 616 940 679 bais]
966 618 1040 669 chifl.
1054 627 1080 667 et
1092 618 1169 669 Voss.
1188 626 1214 666 ut
1226 617 1285 666 aliia

158 702 235 765 prosit
246 703 277 750 ab
290 701 359 750 boris.
379 701 477 751 Scribe:
496 708 522 748 ut
532 699 588 749 alies
596 702 673 764 prosit
683 700 753 750 aliud
763 701 834 750 horr’s.

194 786 258 836 Car.
271 786 346 836 XIII.
361 784 414 847 [15‚
427 783 472 846 34]
490 785 606 848 Deflavr'u
617 786 703 850 capitis
714 787 800 835 semine
811 785 871 835 illito
887 783 1047 848 cobonaetarr]
1066 786 1188 836 Academ.
1201 784 1284 834 aten-

160 871 255 920 nestori.
273 873 350 921 Voss.
363 869 523 919 colrosiertari.
541 871 620 934 Lego,
633 870 761 919 coercitari
770 873 812 921 vel
825 871 933 920 coerceri.

195 954 248 1017 [1⁵.
263 953 307 1016 36]
331 953 420 1006 Saccus
436 971 526 1017 quoque
542 954 568 1003 in
584 972 627 1004 usu
644 953 689 1017 est]
715 956 790 1007 chifl.
809 964 835 1005 et
846 957 921 1006 Voss.
939 955 1022 1006 Succo.
1049 955 1139 1005 Recte:
1161 955 1283 1019 frequens

112 1040 129 1059 ²
161 1041 229 1090 enim
241 1041 326 1091 Plinio
345 1041 450 1090 herbam
468 1040 582 1090 adhiberi
595 1049 639 1090 aut
651 1043 771 1104 prodesse
780 1039 853 1104 foliis
864 1043 896 1090 ad
908 1042 966 1102 hoc,
979 1038 1062 1088 radice
1073 1040 1105 1089 ad
1116 1040 1195 1100 aliud,
1208 1037 1283 1099 caule,

161 1141 234 1186 neco,
246 1123 332 1173 semine
344 1130 391 1174 etc.
410 1138 464 1187 cap.
478 1129 511 1173 22
526 1122 578 1185 [38,
592 1122 650 1186 80]1
669 1124 763 1175 Seniue
774 1123 890 1188 singultus
901 1125 1022 1190 confestim
1034 1140 1064 1172 ca
1075 1131 1140 1172 aceto
1151 1121 1226 1171 sedat.

194 1208 258 1259 Gar.
271 1210 345 1259 XIV.
363 1206 416 1270 [16,
430 1206 474 1270 36]
497 1207 592 1257 Radice
608 1207 719 1273 altipeta,
737 1219 784 1260 etc.
803 1225 863 1273 quoe
875 1218 898 1258 et
908 1207 957 1271 cus]
981 1210 1058 1259 Voss.
1076 1206 1181 1256 radicem
1193 1205 1283 1255 adalli-

157 1301 226 1357 911111,
244 1295 341 1355 deinde,
358 1291 432 1341 radia
444 1291 537 1342 dicatur
549 1309 611 1355 quac
622 1293 667 1342 cui.
692 1294 790 1355 Voluit,
808 1292 960 1342 Autumnalr's
976 1288 1182 1342 articae‘rodicern
1194 1288 1283 1339 adalli-

98 1381 145 1429 780
158 1385 240 1442 patum
258 1376 375 1437 tertianus,
392 1377 428 1425 ita
445 1386 471 1425 ut
486 1377 556 1440 aspri
571 1385 737 1440 nuncupentur,
754 1393 804 1426 eum
821 1377 910 1426 cruitur
921 1394 950 1426 ea
962 1376 1043 1439 radia,
1061 1376 1201 1438 dicaturque
1212 1373 1251 1424 cui
1261 1381 1283 1422 et

159 1477 256 1523 quorum
265 1459 321 1522 filio
333 1460 458 1522 minuatur,
471 1460 571 1509 liberare
583 1462 662 1509 morbo
676 1460 832 1511 tradiderunt.
851 1463 887 1511 sic
898 1464 941 1512 lib.
955 1469 995 1525 23,
1010 1469 1024 1512 6
1039 1460 1092 1524 [54,
1108 1459 1180 1522 103]:
1197 1457 1284 1508 Rada

160 1561 238 1594 enum
255 1545 433 1607 circumscripta
448 1561 520 1592 manu
536 1544 636 1592 sinistra
653 1553 718 1593 terra
736 1547 830 1609 capitur
845 1547 889 1607 ita,
905 1554 932 1593 ut
943 1548 985 1609 qui
995 1545 1022 1594 id
1030 1545 1110 1609 faciet
1121 1543 1194 1605 dicat,
1209 1557 1284 1606 quare

159 1629 248 1692 capion
267 1636 289 1676 ct
305 1629 371 1677 cuius
386 1644 467 1676 causa.
494 1628 536 1678 Sic
552 1629 706 1678 Vossianus:
733 1644 785 1678 non
803 1646 865 1691 quoe
881 1631 969 1694 capiat.
1000 1630 1081 1688 Quare
1097 1644 1152 1678 rem
1169 1631 1283 1687 denotet,

160 1715 225 1764 cuius
237 1728 380 1778 personam.

193 1798 257 1850 Cer.
270 1800 330 1848 XX.
349 1796 401 1859 [24,
417 1796 460 1859 50]
485 1796 557 1846 Folio
574 1797 656 1846 ictibus
672 1797 829 1861 imponuntur.
855 1798 926 1848 Virus
942 1798 1083 1861 serpentium
1093 1796 1181 1861 supet]
1205 1798 1282 1846 Voss.

159 1891 283 1947 serpentes.
306 1883 478 1941 Matusarum,
495 1883 538 1944 qui
550 1883 682 1943 nescirent,
700 1883 760 1944 quid
777 1882 820 1931 hic
835 1881 901 1933 virus
913 1890 987 1932 esset.
1004 1883 1135 1932 nonenim
1147 1896 1282 1941 venenum,

159 1971 202 2019 sed
215 1982 318 2032 gravem
332 1969 436 2016 odorem
449 1967 581 2029 significat,
598 1974 624 2015 et
635 1967 771 2027 anchusae,
788 1981 840 2015 non
852 1968 1014 2029 serpentium,
1032 1973 1078 2017 est
1101 1966 1143 2016 Sic
1154 1966 1198 2015 lib.
1212 1972 1252 2026 24,
1267 1971 1282 2015 6

160 2051 268 2116 [duplex
284 2053 310 2100 in
327 2053 437 2100 numeris
455 2065 531 2099 error.
550 2051 597 2099 Est
609 2053 650 2110 27,
666 2056 704 2111 12,
723 2048 853 2111 ss‚107]:
872 2050 938 2098 cuius
954 2048 1027 2098 radin
1042 2047 1124 2097 euulsa
1140 2049 1206 2097 uirus
1222 2049 1285 2098 birci

159 2135 255 2184 redolet.
272 2136 317 2184 lib.
330 2142 370 2195 35,
387 2142 416 2184 15
431 2133 484 2197 [52,
500 2132 559 2195 185]
579 2134 644 2182 uirus
656 2133 759 2184 alarum.
777 2135 820 2183 lib.
835 2139 875 2196 20,
890 2141 904 2184 9
918 2133 971 2196 [35,
988 2132 1060 2196 1³4]:
1079 2133 1115 2181 ibi
1124 2132 1190 2196 quod
1199 2149 1282 2197 super-

159 2227 234 2280 natat,
256 2220 362 2283 butyrum
383 2227 425 2279 est,
446 2217 545 2267 oleosum
565 2226 668 2268 natura:
694 2235 739 2281 qna
759 2218 836 2282 mapale
856 2218 923 2266 uirus
943 2218 1038 2281 respit,
1061 2217 1103 2266 loe
1119 2217 1283 2281 praestantius

159 2302 285 2352 iuds'catur.

194 2389 258 2440 Car.
270 2390 344 2439 XXI.
363 2387 415 2451 [26,
430 2387 474 2449 54]
502 2388 594 2459 Orruu'a¹
605 2387 681 2436 mista
697 2386 826 2436 drachmae
842 2403 882 2436 un.
892 2403 919 2451 p.
935 2395 1017 2436 contra
1028 2387 1168 2450 sapentiam
1181 2386 1282 2435 omnnia

159 2471 230 2535 ictus]
248 2475 297 2523 Ms.
310 2475 386 2524 Voss.
400 2479 425 2523 et
436 2475 518 2524 Aead.
530 2475 649 2536 ignorant
661 2469 691 2521 τὸ
705 2472 813 2521 omnium.
832 2474 898 2533 dein,
912 2470 1008 2520 Pellunt
1019 2479 1121 2521 mortuos
1129 2480 1225 2534 partus.

194 2555 247 2618 [30‚
262 2555 306 2618 64]
327 2554 414 2606 Crebro
431 2555 562 2618 orrsereudi
578 2574 607 2604 ne
617 2555 728 2619 pereant]
752 2557 850 2606 Natant
863 2572 897 2606 ex,
907 2564 957 2606 vet.
970 2572 998 2604 nc
1007 2564 1145 2619 paareant.
1163 2557 1241 2605 Voss.
1253 2571 1282 2603 ne

155 2650 249 2704 perant.
267 2643 346 2703 Lege,
360 2657 388 2688 ne
396 2649 521 2703 perurant.
539 2642 583 2689 lib.
597 2648 638 2700 38,
652 2646 667 2689 8
681 2639 788 2704 [potiusr
807 2648 847 2702 30,
862 2648 885 2701 8,
900 2648 940 2701 22,
952 2639 1008 2701 70]:
1026 2640 1066 2690 Ne
1078 2640 1147 2689 amsa
1155 2648 1280 2703 perurunt,

159 2723 233 2786 adeps
245 2724 369 2771 anserinus
381 2740 431 2771 cum
443 2740 499 2772 cera
511 2732 558 2773 etc.
1275 2769 1278 2773 .

194 2808 259 2858 Cur.
272 2807 360 2857 XXIL
380 2806 432 2869 [31,
446 2806 490 2869 66]
514 2805 565 2858 Sed
577 2815 666 2872 purant
682 2806 772 2869 aluum]
797 2809 866 2858 Tuto
879 2811 975 2859 delebis
987 2806 1017 2857 τὸ
1031 2807 1080 2858 sed.
1099 2811 1230 2860 nonenim
1244 2820 1282 2860 est

160 2894 185 2940 in
199 2892 305 2955 optimo,
318 2905 401 2954 neque
412 2892 456 2941 hic
467 2893 555 2942 locum
566 2899 656 2943 tuctur.

195 2973 248 3036 [32,
261 2973 304 3036 70]
322 2975 358 3024 Et
369 2978 484 3026 ambusta.
497 2975 532 3025 Et
543 2976 579 3026 ad
587 2976 741 3042 pravitatem]
757 2979 832 3028 Voss.
845 2986 867 3026 et
879 2979 1000 3026 amintae
1010 2977 1161 3041 pravitatem.
1178 2979 1281 3042 Andeg.
1369 3026 1373 3033 ,

161 3067 183 3109 et
194 3061 303 3107 ambusta
315 3068 338 3107 et
346 3060 497 3123 pravitatem.
523 3063 652 3111 Fortasse:
671 3062 790 3110 Decoctae
801 3060 893 3109 radicis
910 3061 934 3109 in
950 3060 999 3109 oleo
1015 3079 1096 3110 succus
1109 3061 1243 3124 perniones,
1260 3070 1283 3110 ct

159 3145 280 3192 amintae
290 3144 432 3208 pravitatem
444 3146 544 3194 aurium.
563 3147 689 3208 Intellige‚
707 3148 837 3196 ambustae
850 3147 938 3195 radicis
951 3161 1039 3195 succus
1052 3149 1170 3196 emendat
1182 3148 1282 3197 aunum

160 3230 317 3292 grusimtom.
341 3229 417 3290 Turn,
433 3227 572 3291 [effunditur
587 3247 604 3278 a
619 3230 742 3278 contraria
759 3245 818 3277 aare
834 3227 950 3276 indolere
962 3227 1072 3277 dentium.
1090 3231 1126 3279 sic
1137 3229 1180 3279 lib.
1194 3235 1235 3290 24,
1251 3236 1282 3280 10

161 3313 215 3376 [47,
231 3312 285 3375 78];
308 3311 423 3361 Eiusdem
444 3313 525 3361 acinos
546 3313 648 3376 quiesque
669 3315 736 3362 tritos
756 3313 781 3360 in
801 3328 896 3362 rosaceo
918 3312 967 3362 oleo
983 3313 1143 3376 calfactosque
1158 3314 1183 3362 in
1197 3314 1283 3362 cortice

159 3398 254 3448 Punico
273 3395 399 3445 instillavit
419 3395 520 3446 dentium
542 3397 618 3446 dolori
633 3414 650 3445 a
665 3397 788 3447 contrariu
808 3413 874 3445 aurc.
901 3397 943 3448 Sic
964 3399 1014 3446 duo
1035 3398 1162 3448 Vossiuni.
1189 3397 1283 3446 Punico

160 3483 237 3532 etiam
249 3481 349 3531 Chiflet.
370 3477 454 3529 Cortex
465 3481 570 3530 Punuus
587 3489 625 3531 est
640 3491 728 3532 cortex
743 3483 835 3532 Punici
849 3481 918 3531 meli.
941 3484 975 3532 Et
991 3483 1018 3530 in
1033 3483 1119 3532 multis
1136 3484 1283 3545 gaudebant

161 3567 198 3616 sic
213 3566 293 3628 loqui.
316 3565 536 3626 Quemadmodum
553 3574 578 3615 et
593 3567 620 3614 in
632 3567 676 3615 lib.
689 3567 761 3630 epist.
776 3574 807 3618 lo
820 3564 872 3628 [34.
886 3574 911 3617 et
925 3573 963 3628 lo,
977 3572 1017 3628 35,
1032 3564 1058 3627 2]
1078 3566 1138 3615 fam.
1151 3567 1282 3616 Ciceronis

159 3652 273 3717 Lepidus
283 3651 369 3700 scribit
380 3667 397 3698 a
406 3659 477 3713 ponte
488 3650 614 3714 Arpentea
631 3652 657 3701 id
669 3659 715 3712 est,
728 3669 744 3701 a
754 3659 831 3716 ponte
843 3653 924 3701 amnis
936 3653 1056 3715 argentei.

197 3732 249 3796 [32,
265 3732 308 3795 71]
327 3732 456 3798 Sophocles
467 3733 502 3782 ad
508 3733 634 3799 podaprus
645 3743 742 3798 atroque
753 3734 833 3797 modo]
855 3737 918 3786 Mes.
931 3747 1051 3799 quatuorr
1070 3735 1187 3786 Socrates
1207 3735 1281 3786 chtfl.

161 3827 187 3868 et
198 3820 275 3869 Voss.
289 3816 377 3868 Sortes.
395 3821 473 3868 Forte
485 3817 591 3879 Diocles,
605 3834 680 3883 quern
693 3835 769 3883 saepe
782 3819 843 3869 alibi
855 3821 982 3869 nominet:
1001 3828 1030 3868 ut
1041 3821 1091 3868 hoc
1103 3820 1168 3869 libro
1181 3833 1236 3882 cap.
1248 3825 1279 3868 25

162 3900 215 3963 [63,
232 3901 290 3963 131]
309 3910 335 3950 et
351 3903 393 3951 lib.
408 3909 475 3962 23,1
495 3901 548 3964 [17,
562 3901 614 3964 21].
638 3905 755 3953 Meminit
772 3912 797 3953 et
813 3904 873 3954 Son.
886 3905 1037 3967 Empiricns,
1055 3911 1079 3952 et
1095 3904 1238 3966 Hesychius
1255 3904 1282 3951 in

162 3979 352 4049 Συγκομιστός,
365 3986 452 4036 etalii.

197 4066 260 4130 [lb]
283 4071 435 4120 Xenocrates
451 4078 473 4117 et
491 4068 594 4119 Indenea
605 4078 628 4117 ct
636 4086 723 4133 psoras
735 4069 826 4132 radice]
851 4071 969 4133 Quinque
985 4071 1074 4120 nostri:
1094 4070 1244 4121 Xenocrates
1259 4077 1284 4116 et

164 4151 273 4214 lichenas,
283 4169 377 4215 psoras,
390 4153 469 4217 lepras
480 4153 563 4203 radice
575 4154 599 4201 in
611 4161 677 4202 aceto
689 4152 784 4202 decoctu
797 4153 849 4202 atti
860 4153 924 4203 dicit.
