2918 4794
450 290 556 333 uonna
572 291 615 331 An
630 290 713 330 uas.
729 289 847 330 xxxva
864 288 994 329 xxxva.
1224 267 1284 329 113

367 439 413 490 Ille
421 439 476 504 fuit
487 441 549 489 vitae
561 439 644 490 Mario
656 437 746 500 modus,
759 440 839 487 amnia
847 454 928 502 passo,

371 525 438 582 Quae
447 523 516 589 peior
523 525 629 588 fortuna
637 531 721 587 potest,
734 531 804 586 atque
816 522 920 572 amnibus
931 538 980 582 uso,

371 607 438 665 Quae
450 606 539 669 melior,
551 624 673 670 mensaque
684 606 783 656 hominis
795 606 855 670 quid
860 607 923 669 fata
930 613 1048 670 paterent.

165 692 208 741 Sic
224 693 291 740 enim
307 693 410 741 omnino
428 693 564 754 legendum
581 707 595 740 e
611 691 673 741 Mss.
695 707 753 741 cum
770 690 810 741 Ol.
828 689 932 751 Gratia,
949 706 1000 740 non
1017 689 1105 739 homini
1120 699 1145 740 et
1158 697 1284 753 pararent.

165 777 230 823 Fata
242 775 340 824 hominis
352 785 409 826 sunt
421 775 475 825 fata
486 776 606 825 humana.
623 778 748 838 Experto,
760 776 803 835 ait,
817 776 921 839 quaein
933 783 1065 838 utramque
1077 782 1177 838 partem
1190 775 1286 824 homini
1356 838 1360 845 1

165 867 279 909 extrema
294 869 400 924 possunt
415 861 539 920 accidere,
558 866 682 923 quantum
699 860 831 920 distarent3
849 867 1006 922 transgresso
1025 860 1057 909 ab
1074 860 1130 909 imis
1142 861 1174 907 sd
1187 873 1286 908 summa

165 952 191 993 et
211 946 245 993 sic
266 959 347 1006 gnaro
364 952 389 993 ct
404 946 476 1007 quasi
493 944 598 1007 pedibus
616 957 762 1009 permenso,
784 945 941 1021 quixgrsdus
963 951 1046 994 essent
1066 958 1099 992 ex
1119 943 1287 1004 abieptissima

165 1029 310 1077 humilitate
326 1029 485 1103 etgyaximis
502 1029 627 1078 aerumnis
644 1030 675 1077 nd
693 1029 858 1077 editissimum
875 1027 1005 1090 fastigium
1026 1027 1121 1090 gloriae
1138 1035 1163 1076 et
1179 1026 1285 1077 affluen-

164 1113 221 1158 tiae.
241 1111 313 1160 Idem
326 1113 369 1160 lib.
383 1119 398 1160 4
412 1110 459 1173 [vs.
472 1109 528 1173 48]:

368 1195 491 1245 Hactenus
502 1201 620 1244 armorum
633 1194 777 1244 discrimina.
796 1203 890 1243 caetera
903 1193 960 1243 belia

368 1280 434 1328 Fata
446 1277 511 1328 dedit
522 1280 595 1328 uariis
607 1279 708 1328 incertus
720 1280 818 1328 mettius
830 1296 879 1327 aer.

165 1363 206 1412 Sic
222 1364 315 1414 Florus
332 1365 396 1413 dixit
412 1365 506 1414 iudices
515 1363 578 1425 sata
587 1364 749 1426 fortunasque
763 1362 898 1426 principum
917 1361 1003 1410 habere
1018 1361 1043 1409 in
1061 1378 1132 1410 mauu
1147 1362 1190 1410 lib.
1207 1367 1236 1421 2,
1256 1363 1285 1411 17

166 1445 275 1509 [potiusz
292 1454 320 1506 3,
338 1451 381 1509 17,
399 1455 422 1497 3.
442 1454 470 1508 2,
490 1454 512 1497 5.
530 1446 617 1509 Iahn].
646 1448 688 1498 Sic
705 1447 811 1497 Latinus
827 1449 937 1497 Pacatus
959 1444 998 1508 [in
1013 1448 1139 1510 Panegyr.
1157 1445 1285 1494 Theodos.

165 1534 205 1592 27,
218 1528 245 1591 3]
264 1529 352 1578 nuliam
368 1532 479 1580 maiorem
496 1547 544 1580 esse
556 1531 692 1595 principum
702 1530 854 1593 felicitatem,
871 1547 941 1593 quam
951 1531 1041 1595 fecisse
1050 1528 1161 1592 felicem,
1178 1536 1201 1576 et
1215 1526 1286 1575 inter-

165 1616 259 1662 cessisse
275 1615 378 1678 inopiae,
395 1623 417 1663 et
434 1616 516 1665 uicisse
525 1617 661 1679 fortunam,
679 1623 701 1664 et
718 1614 810 1664 dedisse
826 1615 915 1664 homini
931 1631 1014 1664 navum
1024 1615 1116 1679 fatum.
1143 1613 1198 1662 Nec
1216 1612 1286 1662 dissi·

165 1700 315 1748 mutandum
332 1699 379 1747 fuit
395 1696 425 1746 τὸ
444 1715 473 1746 eu
485 1715 514 1747 ea
525 1699 590 1763 unpi.
608 1715 668 1749 nam
680 1701 723 1748 lib.
738 1707 779 1761 36,
793 1706 826 1750 20
839 1698 891 1761 [38‚
907 1698 966 1762 147]
985 1701 1060 1749 huius
1078 1698 1177 1762 generis
1193 1698 1285 1747 andro-

166 1784 308 1829 damantem
330 1780 428 1830 recidere
450 1784 485 1831 ait
506 1799 597 1830 succum
617 1783 771 1847 sanpuineum
792 1792 815 1831 et
836 1800 885 1832 esse
905 1783 940 1832 ad
954 1783 1063 1832 iocinoris
1081 1783 1140 1831 vitia
1159 1779 1288 1845 praecipui

165 1863 270 1912 remedii.
290 1907 320 1914 ..
339 1867 382 1915 Ex
393 1864 495 1915 Messall.
509 1882 532 1930 p.
546 1871 595 1917 852
608 1875 633 1916 et
646 1863 715 1928 858]
732 1926 739 1935 ,
