2918 4794
483 291 588 334 nouus
604 292 647 331 An
661 291 744 331 urere.
760 289 853 328 xxrx.
869 287 950 327 xxx.
1241 265 1278 327 61

163 448 308 511 legendum:
325 443 455 508 palamque
463 441 534 504 fitia
548 449 636 503 tempas
647 428 750 487 id'licita
760 438 826 486 sacri
833 435 969 501 proclipiori
979 434 1110 485 celebratio.
1133 436 1223 500 Neque
1233 436 1283 486 fert

164 533 239 592 aliud,
259 531 327 593 quod
344 529 467 590 sequitur:
493 523 590 576 Gallias
606 522 685 585 utique
699 521 813 586 possedit.
835 537 927 585 nempe
944 522 1095 570 volscorum
1107 522 1281 583 prodigiosum

165 616 204 664 rol
217 613 354 662 celebratio
367 613 433 661 sacri
443 609 590 674 prodigiosi.
600 608 603 616 “

199 697 263 748 Osa.
276 697 311 745 II.
330 693 423 757 [6,16]
447 692 504 744 Noa
517 690 613 753 obsequi
623 689 729 751 numina,
745 698 771 738 at
787 689 852 738 cerni
866 704 911 736 non
926 688 1024 751 possint.
1047 687 1119 736 Forte
1135 685 1178 736 hoc
1192 687 1216 735 iu
1229 686 1282 749 illo]

166 782 267 842 Quanto
284 779 425 843 expeditius
441 777 594 827 Vossianus:
616 773 690 822 ueluti
704 773 836 838 lentipinern
854 772 992 821 habentibus
1012 788 1057 820 non
1074 771 1172 834 obsequi
1187 771 1284 819 numina

165 873 208 912 aut
225 863 295 912 cerni.
323 861 403 912 Obstet
411 862 481 924 forte
499 858 541 907 hac
559 859 583 906 in
600 857 647 906 illo.
674 859 734 908 Duo
752 858 794 907 alii
813 867 838 906 et
856 857 922 906 Gud.
941 858 1091 905 confirmant
1108 857 1239 915 hacteuus,
1257 865 1285 904 ut

166 948 310 1012 praeferant
331 954 373 993 aut
389 944 461 993 cani.
487 944 561 992 Iuvat
581 943 607 993 iu
629 949 700 1005 parte
716 942 827 991 Pintiani
844 944 937 990 codex:
964 942 1007 990 sed
1029 941 1134 991 nimium
1151 949 1189 990 est
1210 940 1284 989 illud:
1299 954 1347 998 805

166 1031 230 1081 Num
244 1029 332 1078 obstitit
344 1027 459 1092 hocsorte
471 1026 495 1075 in
509 1025 566 1075 illos

201 1113 264 1176 [Iu]
291 1113 357 1163 Nam
374 1112 486 1161 hominem
496 1110 624 1160 'immolare
639 1109 709 1163 etiam
725 1106 898 1173 pratr'ssimum]
921 1109 997 1158 Voss.
1014 1118 1042 1158 at
1060 1108 1159 1158 Chiflet.
1176 1107 1286 1157 homines.

166 1199 295 1248 Particula
306 1213 361 1245 nam
373 1195 478 1246 offendit
488 1210 541 1244 uon
553 1195 618 1244 alios
630 1197 715 1254 modo,
734 1194 776 1242 sed
790 1193 865 1242 etiem
877 1193 1031 1242 Pincianum.
1053 1193 1158 1252 Iniuria,
1171 1201 1208 1242 est
1219 1193 1287 1241 euim

167 1285 220 1332 eius
233 1298 301 1342 usus,
315 1282 418 1345 qualem
430 1280 573 1328 notavimus
586 1280 618 1328 ad
626 1278 727 1329 Livium
739 1279 783 1327 lib.
793 1283 834 1338 29,
845 1282 859 1326 8
871 1274 920 1347 [9].
938 1277 1028 1340 Neque
1040 1276 1114 1326 aliter
1125 1278 1179 1340 ipse
1188 1278 1287 1328 Plinius

167 1367 216 1415 hoc
229 1366 295 1414 libro
308 1379 363 1428 cap.
379 1369 407 1412 11
423 1361 476 1425 [29,
489 1359 547 1423 95]:
565 1360 632 1412 Num
644 1361 718 1409 muris
729 1363 846 1410 cerebram
859 1359 918 1410 dare
931 1361 1001 1424 potui
1011 1376 1039 1408 eu
1051 1377 1124 1423 aqua,
1136 1368 1179 1408 aut
1189 1360 1287 1409 cinerem

168 1448 291 1510 mustelae,
312 1445 350 1496 vel
365 1447 436 1496 etiam
453 1447 597 1495 inveteratas
616 1444 722 1494 erinacei
739 1460 836 1506 carnes,
856 1445 908 1508 quis
925 1445 1003 1508 possit
1014 1444 1123 1508 furenti,
1145 1444 1240 1494 etiamsi
1257 1446 1289 1494 sit

161 1534 229 1596 forte
241 1531 374 1581 medicina?

203 1618 267 1668 Cea.
280 1617 329 1664 III.
347 1614 383 1677 [8,
397 1613 441 1675 23]
465 1612 591 1677 Infusique
607 1612 729 1662 auriculae
745 1612 1033 1677 cuiusepartecloleant]
1059 1616 1153 1665 Omnes
1166 1618 1288 1679 quinque:

169 1701 235 1748 cuius
246 1707 349 1763 aparte.
373 1700 410 1748 Ut
420 1699 527 1747 Plauto:
545 1696 570 1745 A
582 1698 661 1745 morbo
673 1696 745 1758 calm,
758 1698 789 1745 ab
800 1699 879 1746 animo
890 1713 962 1761 ceper
964 1698 1016 1761 fui.
1039 1699 1134 1749 Contra
1145 1699 1188 1748 lib.
1202 1705 1242 1759 22,
1258 1705 1289 1748 22

171 1783 224 1846 [82,
238 1782 294 1845 70];
312 1780 453 1846 infunditur
463 1796 480 1828 a
492 1781 613 1828 contraria
625 1796 683 1828 aare
695 1780 720 1827 in
732 1778 812 1828 dolore
824 1778 933 1829 dentiam.

206 1869 270 1918 cm.
283 1868 331 1916 IV.
350 1864 403 1928 [12,
418 1862 463 1925 35]
489 1861 604 1914 Sterculus
616 1863 672 1911 aitis
683 1861 842 1926 adallipatus]
867 1863 989 1913 Vossiani
999 1852 1089 1914 hmbo:
1108 1866 1193 1915 viticis.
1207 1884 1260 1931 cup.
1275 1876 1289 1917 6

173 1950 226 2013 [16,
240 1950 296 2013 50]:
313 1949 393 2014 palmo
406 1946 540 1997 vulturinus
552 1946 669 2010 uitipineis
681 1945 754 2009 lipnis
765 1948 901 1996 combustus.

206 2035 270 2085 Cur.
283 2037 315 2084 V.
335 2034 388 2096 [13,
401 2031 445 2094 41]
468 2031 508 2082 Ne
519 2030 568 2078 sint
578 2029 657 2079 malae
668 2028 785 2092 hirsutae]
808 2030 879 2092 Alae,
896 2041 925 2081 111
940 2042 1015 2096 puto:
1034 2035 1070 2083 sic
1082 2034 1149 2082 enim
1161 2042 1212 2083 tres
1224 2034 1290 2084 Vos-

172 2121 235 2169 siani
252 2120 441 2181 Gudianusque,
456 2125 490 2179 ,et
509 2102 706 2166 ibi'stabulatur
727 2130 798 2165 sacer
819 2117 912 2166 hircus.
938 2113 1108 2167 Academicus
1129 2129 1154 2167 et
1171 2120 1290 2178 Pintiani,

172 2203 249 2252 halae.
267 2203 324 2253 Lib.
337 2209 378 2262 31,
393 2208 424 2251 10
438 2198 491 2262 [46,
506 2197 579 2260 122];
598 2198 691 2247 ahiram
704 2199 769 2247 uirus
781 2215 810 2246 ea
821 2215 887 2262 aqua
898 2199 1105 2264 quotidianosotu.

207 2284 269 2348 [Ib]
288 2284 315 2332 E
326 2283 437 2332 testiculis
449 2298 562 2347 aprorum
574 2281 617 2344 qui
627 2279 774 2343 castrantur]
794 2284 869 2333 Voss.
882 2299 933 2332 cam
945 2292 1089 2335 castrantur.

206 2369 270 2419 Cur.
283 2370 332 2418 VI.
343 2366 396 2429 [15,
408 2364 452 2427 45]
466 2364 662 2415 Laudatissimae
674 2375 751 2414 autem
764 2375 818 2414 sant
826 2365 972 2431 Africanae,
987 2384 1017 2415 ea
1025 2367 1063 2416 his
1071 2368 1207 2419 Solitanae:
1219 2370 1292 2436 Astp-

167 2451 294 2515 palaeicae
312 2459 334 2499 et
350 2449 458 2512 Siculae]
483 2451 615 2511 Quosdam
630 2451 684 2498 eain
700 2449 809 2500 Olitanae
826 2460 870 2501 aut
887 2452 964 2501 ctiam
980 2437 1105 2502 Solitanae
1120 2454 1204 2517 legere
1220 2464 1293 2505 notat

171 2536 332 2586 Hermolaus.
350 2537 392 2586 Ex
401 2535 502 2585 Ohiflet.
515 2548 618 2597 quoquo
630 2542 655 2583 et
663 2535 723 2584 Vct.
735 2543 835 2585 notant:
849 2535 902 2584 euin
912 2533 1044 2597 selitanae,
1056 2536 1141 2602 Astpp.
1154 2545 1177 2585 et
1187 2537 1291 2588 Siculae.

172 2622 248 2671 Voss.
254 2618 417 2668 eaismlitaaae
425 2616 602 2684 astypalaeicae
612 2626 662 2667 etue
667 2617 770 2669 Siculae.
780 2619 876 2670 Scribe:
884 2619 1090 2672 euhisIolitanae:
1098 2621 1291 2686 Astypalaeicae,

173 2704 294 2752 Aetnaeae
311 2703 407 2754 Siculae
422 2701 534 2752 modicae.
556 2705 592 2754 Ut
608 2719 659 2753 non
675 2712 774 2755 tantum
790 2704 924 2755 Aincanas
941 2707 1008 2767 dicit,
1025 2710 1070 2756 sed
1083 2708 1159 2756 etiam
1171 2707 1292 2758 Iolitanas

174 2791 200 2839 iu
212 2790 312 2838 Africa:
336 2790 371 2839 sic
388 2804 439 2837 non
452 2791 530 2838 modo
543 2788 650 2850 Siculas,
667 2791 712 2838 sed
728 2790 802 2839 etiam
814 2792 951 2841 Aetnaeas.
975 2791 1043 2842 Nota
1057 2781 1118 2840 'lut
1131 2784 1291 2857 Καισάρεια.

173 2875 243 2923 Mela
258 2874 300 2923 lib.
316 2880 338 2934 l,
352 2880 366 2923 6
381 2870 435 2934 [1]:
453 2871 492 2921 Iul
502 2871 537 2920 aei
548 2889 620 2934 mare,
638 2871 767 2935 aliquando
784 2873 900 2938 ipnabilis,
919 2891 987 2935 nanc,
999 2875 1056 2937 quia
1067 2874 1143 2924 Iubae
1154 2878 1222 2942 repe'a
1230 2877 1291 2940 suit,

174 2965 197 3004 et
212 2957 275 3020 quael
293 2956 412 3006 Caesarea
428 2954 533 3017 uocatur,
548 2954 656 3004 illustris.
679 2956 722 3006 Sic
731 2957 812 3018 igitur
824 2965 849 3006 et
860 2959 996 3019 legendum
1012 2960 1056 3008 lib.
1070 2965 1093 3020 9,
1107 2965 1138 3010 56
1153 2959 1206 3023 [82,
1222 2961 1293 3024 173]:

174 3041 316 3106 Africanae,
334 3041 417 3104 quibus
427 3037 594 3105 foecunditas,·
612 3037 738 3100 iolitanae,
755 3040 838 3101 quibus
850 3039 967 3090 nobilitas.
985 3043 1022 3092 Ut
1033 3051 1058 3091 et
1070 3045 1137 3104 apud
1150 3046 1292 3095 Varronem

174 3130 205 3176 de
222 3142 249 3176 re
265 3133 365 3187 111113,
381 3132 410 3174 11
430 3123 472 3186 [4,
489 3125 533 3172 ubi
552 3131 637 3173 amen
647 3123 800 3174 Schneider.
818 3124 942 3174 Gronovii
959 3132 1013 3175 tum
1030 3128 1162 3177 immemor
1177 3130 1204 3178 iu
1221 3137 1293 3178 textu

175 3212 277 3260 retinuit
294 3208 435 3271 solitanac]:
458 3224 488 3258 err
503 3207 599 3272 Africa,
617 3224 678 3270 quae
695 3216 808 3256 uocantur
819 3207 944 3259 Ialitanae.
967 3212 1016 3261 Ubi
1033 3209 1164 3260 solitannae
1180 3215 1292 3263 reddide-

175 3305 240 3344 runt.
258 3295 325 3346 aad.
338 3311 367 3343 ea
379 3293 415 3342 his
427 3292 532 3342 olitanae
543 3307 621 3343 manu
633 3293 726 3355 prima:
745 3301 773 3342 ut
785 3303 810 3342 et
821 3294 897 3344 Voss.
911 3296 962 3344 duo
975 3297 1026 3345 alii.

210 3377 274 3440 [Ib.]
300 3379 353 3429 Nec
370 3394 415 3426 uon
432 3376 549 3426 siluestres
566 3377 685 3426 stomacho
703 3375 809 3438 inutiles,
830 3376 909 3427 aluum
926 3379 1030 3443 uoluunt]
1058 3382 1200 3434 Observant
1216 3386 1242 3432 in
1259 3387 1292 3435 V.

176 3465 261 3513 deesse
278 3459 311 3510 τὰ
329 3479 370 3511 nec
386 3478 443 3524 non,
466 3463 492 3512 in
505 3463 606 3514 Chiflet.
623 3471 708 3512 autem
721 3477 775 3512 esse
786 3462 867 3526 utiles,
884 3467 953 3528 quod
965 3465 1092 3516 affirmant
1104 3483 1193 3519 omues
1205 3472 1292 3521 nostri.

176 3547 278 3610 Optime
291 3548 458 3611 Praecipuus:
481 3563 521 3595 nec
537 3545 655 3595 siluestres
670 3546 789 3597 stomacho
805 3547 879 3610 utiles,
896 3547 974 3597 aluum
990 3549 1087 3600 soleant.
1110 3553 1175 3604 Nam
1192 3551 1222 3604 τὸ
1241 3554 1294 3605 Nec

176 3631 361 3680 dissolvendum
378 3634 404 3681 in
421 3631 456 3680 Et
472 3649 527 3680 aon:
551 3633 622 3695 quasi
640 3638 715 3682 esset:
737 3640 761 3680 et
775 3631 904 3694 siluestres,
926 3646 971 3682 non
987 3634 1054 3682 utiles
1069 3637 1198 3699 stomacho,
1215 3639 1293 3689 aluum

175 3713 272 3762 solvant.
631 3725 633 3729 '

211 3794 274 3858 [Iu]
297 3797 487 3860 Efficacr'ssimae
505 3808 581 3848 tamen
599 3799 718 3848 indolere
736 3801 856 3850 stomachi.
880 3801 1041 3852 Laudatmres
1058 3805 1194 3870 traduntur]
1218 3810 1292 3859 Voss.

175 3880 352 3940 efficacissimae
367 3884 390 3932 si
404 3884 429 3934 in
446 3883 526 3932 dolore
541 3883 657 3933 stomachi
669 3883 794 3947 plaudatis
813 3885 946 3936 traduntur.
970 3891 1059 3939 Forte:
1083 3899 1158 3939 tamen
1174 3891 1199 3940 in
1215 3891 1294 3942 dolore

176 3963 291 4015 stomachi
293 3965 394 4032 fluentis
407 3965 538 4016 uariantur.
557 3970 654 4018 Passim
667 3970 770 4019 memini
780 3969 921 4032 flactianum
934 3975 1067 4023 stomachi.

211 4044 265 4109 [16,
276 4048 320 4111 49]
339 4049 386 4099 Est
397 4052 489 4101 animal
501 4051 602 4101 locustae
613 4051 690 4101 simile
701 4053 751 4102 sine
760 4053 856 4117 pennis]
876 4056 971 4107 Omnes
983 4059 1105 4122 quinque:
1118 4059 1189 4109 Esse:
1203 4063 1293 4114 deinde

175 4131 295 4183 Vossiaui
307 4137 366 4195 duo,
386 4143 489 4198 uocetur,
508 4146 534 4187 11
551 4153 595 4185 non
608 4135 693 4187 habeat
704 4137 781 4202 aliqui
790 4140 945 4203 arbitrantur,
961 4152 989 4192 ut
1001 4155 1026 4192 11
1038 4143 1169 4196 Gudianus
1182 4163 1213 4196 ac
1224 4151 1292 4198 Meu.

176 4215 256 4266 Aead.
274 4232 319 4264 non
335 4217 421 4268 habeat
435 4219 515 4284 aliqui
525 4239 579 4301 aero
590 4223 746 4272 arbitrantur:
765 4222 873 4289 denique
885 4229 960 4277 Voss.
978 4238 1006 4278 ut
1018 4237 1043 4280 et
1055 4230 1166 4280 Pintiani
1179 4241 1205 4282 et
1217 4233 1293 4284 Chifl.
1327 4298 1329 4303 ι
1382 4267 1389 4275 -
