2918 4794
515 250 680 336 ueranjnn
696 274 778 314 111111.
794 272 850 312 xx.
867 272 937 312 xxr.
1250 252 1289 312 21

203 423 265 487 [tu]
286 425 342 476 Siue
355 425 459 488 privatis
474 440 585 488 qencrurn
594 420 725 485 funiculis]
743 423 789 473 Bis
802 424 910 472 tentavit
925 422 994 470 hunc
1007 424 1092 471 lecum
1107 423 1246 474 Salmasius
1259 427 1292 473 ad

168 510 296 560 Selinum:
313 525 372 574 pag.
385 514 443 561 371.
456 500 537 558 reddit
549 508 598 556 sive
613 506 706 570 privati
713 507 807 570 qeneris
815 505 945 570 funiculis:
962 520 1019 569 pag.
1034 510 1107 556 1068.
1120 504 1169 554 sive
1177 522 1224 570 pro
1236 508 1287 554 bre·

94 591 96 595 ’
167 594 240 643 vitate
258 594 351 658 qeneris
366 591 499 656 funiculis:
521 595 590 655 quod
609 593 642 641 sit
659 592 686 639 in
704 591 829 640 Thnanee
843 590 936 654 priuati
950 589 1050 654 9666611.
1071 590 1158 640 Nostri
1176 592 1289 654 quinque

169 693 284 741 qenerum,
301 679 344 726 sed
361 673 475 737 ἀμύμων
493 676 537 726 1116
550 675 651 739 privati.
670 676 736 724 Vide
753 691 787 725 611
803 675 892 724 suerit:
909 673 958 722 siue
971 672 1060 722 alterni
1069 681 1140 737 atque
1152 671 1291 736 multiplices

168 761 228 810 iuter
239 778 264 809 se
275 768 409 823 nectantur,
422 761 471 809 sine
480 760 603 824 priuorum
616 775 726 823 qenerum
731 757 858 822 fasciculi,
870 759 992 819 inorbem,
1005 757 1030 825 in
1042 756 1168 821 obliquum,
1181 758 1205 806 in
1216 757 1291 806 ambi-

169 851 223 892 tum.
241 845 307 893 Eam
319 846 387 894 enim
398 860 487 894 vocem
499 846 559 894 huic
570 845 605 893 rei
617 851 745 907 aptarunt.
764 842 855 894 Cicero
867 844 911 892 lib.
925 851 940 892 3
953 841 1007 906 [ιὸ,
1022 841 1066 904 18]
1080 843 1197 892 Tuscula
1207 842 1291 905 fasci-

168 926 243 976 culum
259 927 295 976 ad
310 944 381 976 nares
397 926 540 976 admovebis.
558 929 733 977 Tertullianus
752 926 795 989 [de
811 943 861 977 cor.
876 933 898 977 b.
911 942 971 991 pag.
985 932 1042 977 529.
1056 925 1157 990 Oehl.]:
1173 925 1289 975 Coronam

167 1011 360 1075 sisortefascem
373 1009 588 1072 existimusflorum
598 1027 643 1073 per
653 1010 736 1059 seriem
749 1009 974 1074 comprehensorum.

202 1095 266 1146 Gan.
278 1090 314 1144 II.
328 1093 364 1156 [3‚
377 1092 404 1156 4]
418 1094 497 1156 Atque
508 1093 629 1157 inprimis
641 1091 764 1157 appellata
776 1092 988 1157 Stephonoplvcos]
1002 1096 1124 1146 Vossiani
1137 1104 1196 1157 tres,
1209 1098 1290 1147 Acad.

169 1181 236 1230 Gud.
249 1176 455 1242 Stephaneplocos.
468 1178 504 1228 Ut
516 1184 541 1227 et
554 1177 658 1228 Graecis
671 1171 905 1244 Στεφανηπλὸκος.
917 1180 961 1228 lib.
975 1185 1016 1238 35,
1032 1186 1059 1229 11
1075 1179 1128 1241 [tu
1144 1179 1217 1242 125]:
1230 1197 1291 1244 quae

167 1280 180 1311 e
191 1263 340 1312 nobilissimis
351 1263 400 1311 erus
413 1261 494 1311 tabula
505 1260 628 1327 appellata
640 1260 846 1325 Stepbaaepiocos.
865 1261 907 1312 Sic
919 1263 996 1312 iidem
1008 1265 1069 1313 Mss.

202 1346 264 1409 [Iu]
283 1347 438 1410 Postquume
455 1343 547 1394 lamina
562 1361 635 1394 aerea
652 1344 727 1407 161161]
746 1347 878 1410 Optimus,
901 1363 913 1394 e
930 1346 1018 1396 lamna.
1041 1363 1094 1397 non
1111 1350 1178 1398 enim
1196 1347 1290 1410 lamma,

167 1434 238 1497 quod
250 1447 283 1481 ex
295 1433 420 1495 corruptis
432 1431 501 1480 libris
513 1432 641 1480 adamavit
653 1430 778 1481 Gisanius.
791 1431 835 1480 lib.
848 1429 888 1489 ei,
911 1438 925 1482 6
940 1429 993 1493 [31,
1008 1430 1067 1492 58]1
1085 1432 1196 1481 Denario
1208 1433 1290 1497 appel·

168 1515 240 1578 latur,
256 1516 321 1565 cuivs
334 1515 428 1564 lamnae
440 1513 554 1576 16111666,
572 1523 618 1564 ete.
639 1515 691 1564 Ubi
707 1514 775 1565 male
792 1516 875 1565 codex
892 1516 1017 1576 Pintiani,
1035 1513 1132 1564 lumino.
1148 1515 1191 1566 lib.
1210 1522 1256 1577 88,
1275 1523 1288 1565 5

168 1599 221 1662 [30,
240 1599 284 1662 st]
312 1598 414 1649 Codmia
425 1598 490 1647 aeris
503 1599 599 1660 massis,
617 1597 709 1647 alumen
723 1599 815 1649 lamnis.
834 1601 954 1650 Eiusdem
972 1602 1030 1650 libri
1047 1617 1102 1664 cap.
1121 1605 1133 1651 7
1153 1599 1209 1662 [40,
1229 1600 1288 1663 121]

160 1685 229 1748 ſserri
240 1684 361 1733 candentis
381 1683 469 1734 lamna.
488 1699 543 1747 cap.
561 1689 574 1733 9
594 1682 647 1745 [45,
669 1682 728 1745 128]
741 1683 851 1732 Lamnas
863 1683 919 1733 duci
930 1684 1059 1748 etspecula
1068 1684 1138 1747 fieri.
1156 1686 1197 1734 lib.
1215 1693 1257 1745 34,
1274 1693 1288 1734 8

168 1768 221 1831 [20,
235 1767 291 1830 94]:
308 1765 797 1831 061666νί661166661611616161166661).
813 1774 842 1818 18
857 1767 910 1829 [50,
930 1767 988 1830 166]
1002 1768 1188 1832 adalliqatisque
1201 1769 1288 1818 lumbo-

167 1870 217 1902 rurn
235 1861 256 1901 et
272 1852 361 1901 renium
379 1851 449 1916 parti
468 1850 553 1900 lamnis
561 1850 741 1915 friqidioribus.
766 1850 847 1913 [sius
860 1849 994 1915 sriqidiore
1015 1851 1122 1914 natura]
1145 1856 1186 1913 Et,
1208 1852 1288 1901 lamna

164 1937 254 2002 pectori
270 1937 387 2001 imposita.
410 1938 452 1998 111,
469 1936 551 1986 ibitur
567 1943 645 1984 autern
663 1935 687 1984 in
699 1934 794 1999 patinis
807 1951 852 1999 per
868 1934 969 1984 lamnas.
989 1936 1031 1986 Sic
1044 1938 1161 1985 omnibus
1174 1938 1214 1986 his
1225 1939 1288 1988 loeis

166 2024 316 2073 Vossianus.

200 2107 264 2158 Car.
277 2107 325 2156 111.
340 2104 375 2169 [5‚
390 2105 416 2168 7]
437 2105 537 2156 Virtutis
548 2122 604 2171 erqo
615 2103 735 2170 arquitur]
748 2107 936 2157 Vexatissimus
948 2107 1027 2157 loeus.
1045 2109 1121 2159 Voss.
1135 2111 1194 2171 due,
1206 2111 1288 2159 Acad.

166 2203 192 2242 et
208 2194 274 2244 Gud.
293 2192 415 2240 virtutisne
430 2191 547 2255 arquitur.
567 2193 702 2241 Turnebus
720 2195 759 2252 18,
778 2191 897 2241 6611111.
916 2193 943 2240 in
956 2194 1106 2255 quibusdam
1119 2193 1189 2243 libris
1201 2196 1237 2244 ait
1249 2209 1287 2244 re-

166 2279 250 2341 periri,
267 2277 388 2325 virtutisne
405 2292 462 2340 erqo
474 2273 590 2324 diuiditur
606 2275 635 2337 ei,
653 2277 679 2324 in
692 2292 742 2338 quo
754 2276 854 2326 literam
872 2293 949 2327 unam
966 2286 1055 2339 mutat,
1073 2286 1101 2327 ut
1112 2280 1144 2328 sit
1162 2278 1287 2328 dividitor:

166 2364 205 2411 vel
222 2363 326 2411 coniicit
341 2358 430 2408 iuditor
445 2359 475 2409 ei.
495 2360 611 2412 Gifanius
627 2361 781 2410 Lucretiune
794 2361 881 2411 Indice
898 2363 925 2410 in
937 2360 1071 2423 Arlabitur,
1088 2361 1198 2412 arduitor
1211 2381 1254 2414 seu
1266 2366 1290 2412 ei

166 2443 285 2494 arductor.
304 2446 380 2506 Quod
397 2454 422 2494 et
438 2445 526 2509 Lipsio
542 2446 640 2509 placuit
656 2447 728 2509 epist.
746 2463 769 2509 q.
784 2451 807 2507 l,
826 2451 865 2497 27.
889 2446 1032 2497 Vossianus
1050 2449 1146 2511 primus
1165 2447 1288 2497 virtutisne

166 2547 222 2594 erqo
239 2529 319 2579 duitur
335 2530 363 2578 ei.
384 2529 425 2580 Sic
442 2544 531 2579 manus
547 2530 724 2580 vetustissima.
743 2531 794 2580 Sed
810 2531 956 2582 sollicitavit
972 2547 1029 2581 eam
1045 2534 1168 2596 posterior
1185 2542 1210 2582 et
1226 2533 1288 2582 exd

165 2615 225 2665 iecit
235 2632 259 2680 q,
275 2616 363 2664 relicta
380 2621 474 2676 tamen,
492 2623 521 2664 ut
537 2617 598 2665 satis
614 2623 741 2678 appareat,
759 2625 875 2666 exstante
891 2617 997 2680 virgula.
1016 2617 1107 2680 Itaque
1124 2617 1216 2666 scribas
1229 2631 1286 2666 cen-

165 2715 222 2750 seo:
243 2699 291 2757 Qut
302 2716 411 2749 coronam
425 2699 494 2763 parit
505 2699 555 2762 ipse
564 2700 695 2763 pecuniave
712 2700 768 2762 eius,
786 2701 880 2750 virtutis
895 2717 953 2750 suae
969 2718 1024 2766 erqo
1040 2700 1120 2751 duitor
1136 2701 1165 2751 ei.
1184 2702 1220 2752 Ut
1235 2701 1286 2751 fere

165 2787 297 2835 Pintianus
315 2793 340 2835 et
352 2785 490 2836 Salmasius
503 2787 535 2834 ad
548 2785 628 2835 Selin.
645 2802 670 2849 p.
685 2792 750 2846 122,
764 2788 855 2850 quibus
868 2787 919 2836 hec
931 2789 1101 2838 testimonium
1115 2787 1285 2851 praebendum

165 2875 226 2917 erat.

200 2950 236 3012 [6,
251 2950 277 3013 8]
297 2950 435 3015 Appelluvit
447 2951 551 3000 tribunos
559 2950 649 3015 plebis]
668 2954 743 3003 Voss.
753 2953 826 3016 plebi.
839 2962 867 3003 ut
877 2955 973 3016 Livius,
985 2957 1028 3004 6111
1041 2957 1142 3019 passim.
1155 2955 1198 3005 lib.
1212 2963 1252 3019 28,
1272 2964 1286 3006 9

166 3034 219 3097 [11,
235 3034 294 3097 148]
313 3036 409 3085 Drusus
421 3028 528 3083 tribunus
537 3035 620 3099 plebei,
633 3036 708 3086 Ohifl.
722 3043 748 3085 et
758 3037 836 3086 Voss.
848 3039 924 3086 idem.

200 3119 235 3182 [9,
255 3117 297 3180 13]
316 3120 356 3169 De
364 3118 469 3180 floribru
486 3127 554 3166 extra
570 3117 730 3182 supradictos]
748 3121 883 3170 Annotant
900 3122 927 3169 in
944 3121 1046 3171 Chiflet.
1066 3137 1120 3171 esse
1131 3122 1285 3186 supradictis.

165 3207 263 3255 Vereor
275 3221 307 3254 ne
318 3204 478 3266 neglexerint
489 3206 622 3254 observare
638 3205 732 3254 ibidem
748 3203 836 3254 abesse
848 3201 879 3252 τὸ
898 3212 974 3253 extro.
994 3205 1069 3255 Certe
1081 3206 1117 3254 sic
1133 3197 1348 3262 Vossiannsz‘tts

165 3289 193 3338 de
196 3289 301 3352 floribus
312 3305 387 3352 supra
396 3286 471 3337 dictis.
484 3289 587 3351 Andeg.
600 3286 629 3337 de
640 3288 730 3337 coronis
741 3287 893 3352 supradictis,
906 3291 1004 3351 sedita,
1022 3300 1051 3340 ut
1063 3305 1138 3354 super
1149 3288 1189 3354 τῷ
1195 3292 1287 3340 coronis

163 3375 270 3434 habeat,
289 3374 330 3422 vel
338 3371 451 3434 floribus.
474 3372 623 3435 Legendum
642 3380 738 3423 autem:
755 3373 795 3423 De
803 3372 906 3437 floribus
921 3389 997 3438 supra
1008 3372 1084 3424 dictos
1095 3375 1191 3440 sumsit
1210 3375 1285 3426 Tbeo-
1381 3360 1389 3375 ⁹

162 3455 283 3520 pbrastus.

199 3539 389 3604 0sr.1v.[1e,
409 3539 454 3602 21]
477 3541 643 3590 Translatione
656 3541 756 3605 quoque]
776 3544 905 3608 Optimus:
924 3543 1051 3594 traditione
1066 3561 1165 3609 quoque,
1183 3553 1209 3595 ut
1220 3547 1284 3605 vites,

164 3626 248 3689 optime
260 3626 409 3689 ocissimeque
418 3629 534 3687 praemit.
551 3627 624 3675 Idem
637 3626 737 3676 Chifiet.
751 3636 776 3677 et
787 3629 922 3691 Andagav.
934 3629 1058 3692 flagitant.

198 3711 263 3763 car.
275 3712 308 3761 V.
323 3709 376 3772 [11,
390 3708 434 3771 24]
447 3708 478 3758 In
489 3709 619 3759 Antiochia
630 3718 652 3758 et
662 3709 787 3760 Laodicea
798 3711 897 3776 Syriae]
917 3713 1035 3776 Optimus
1053 3713 1185 3763 Laudicea.
1204 3717 1238 3764 Et
1250 3718 1285 3765 sie

163 3796 300 3859 plurimum
316 3797 417 3846 locutos
434 3793 579 3843 Lautumias
596 3795 664 3858 apud
681 3794 839 3856 Ciceronem,
854 3796 964 3858 Livium,
981 3800 1018 3848 M.
1037 3799 1169 3860 Senecam,
1187 3797 1284 3848 Laudi-

163 3879 230 3928 coeni
252 3881 320 3944 apud
340 3880 466 3941 Plinium,
491 3877 600 3928 Laudice
621 3886 647 3928 et
667 3876 806 3928 Laudamia
826 3883 893 3944 apud
915 3884 1054 3944 Iustinum,
1079 3883 1209 3948 multaque
1234 3885 1285 3934 alia

164 3966 344 4014 demonstrant.
364 3965 485 4014 Similiter
500 3965 542 4014 lib.
560 3970 600 4014 23.
613 3978 725 4027 prooem.
739 3970 762 4014 8.
775 3965 876 4014 maritae
888 3966 952 4015 circa
963 3965 1104 4016 Antiochiae
1117 3976 1140 4016 et
1150 3967 1284 4018 Laudiciao

163 4054 258 4109 montes,
269 4047 337 4097 idern
349 4050 438 4098 codex.

198 4128 251 4194 [13,
269 4130 314 4195 26]
331 4133 467 4197 Mirumque
484 4134 520 4183 ita
538 4133 598 4198 tinqi
612 4131 713 4197 aliquid,
732 4141 758 4181 ut
773 4143 889 4184 nascatur
904 4134 1025 4198 irrsecturn]
1045 4138 1163 4202 Optimus
1181 4140 1284 4203 ablegat

163 4212 193 4265 τὸ
208 4215 254 4266 ita:
267 4231 351 4281 neque
362 4219 439 4270 huius
451 4219 589 4284 particulae
601 4220 629 4270 in
641 4221 757 4271 oratione
768 4221 813 4270 illa
826 4222 894 4271 ullus
906 4237 966 4273 usus
978 4230 1023 4272 est.
