2918 4794
532 321 637 363 noran
654 322 696 362 nn
712 323 796 362 uae.
812 323 916 363 xxxv.
1227 303 1287 367 103

198 474 252 536 [40‚
268 472 327 535 138]
351 472 441 536 Satyro
458 487 509 521 curn
523 470 586 535 pelle
599 470 758 535 pantherinm
776 488 842 535 quem
859 470 1030 536 Aposcoponta
1047 472 1181 537 appellant]
1205 475 1287 526 Acad.

166 558 386 621 Ascoscopemonta.
399 556 465 606 Gud.
478 564 673 619 aposcopeuonta.
690 559 759 607 Men.
772 565 974 620 aposcoperrtonta.
992 558 1069 608 Voss.
1084 556 1287 621 Aposcopeuonta.

161 635 403 693 Ἀποσκοπεύοντα.
422 639 527 690 Notavit
539 649 564 689 et
575 641 602 689 in
613 641 665 690 suis
677 642 840 692 Hermolaus.

202 725 291 789 [Ibid]
315 723 485 775 Nouissimas
500 732 577 772 autem
594 740 656 787 quae
671 733 725 774 sunt
740 726 765 773 in
777 724 909 788 porticibus
924 726 1038 775 Octaviae
1053 722 1172 789 operibus]
1196 725 1287 774 Anno·

164 811 334 862 tantominus
350 808 465 872 operibns,
482 809 579 858 malurn
595 811 664 858 malo
681 818 806 859 sanantes.
833 810 870 860 At
885 811 1029 860 Vossianus
1047 825 1105 859 cum
1121 810 1288 867 Academico,

165 897 236 946 Man.
249 894 377 952 (tuniano,
394 901 422 943 ut
434 902 459 942 et
470 893 594 942 Pintiani:
612 909 673 954 quae
687 893 777 942 suntin
792 893 905 943 Octaviae
916 895 1036 957 operibus,
1054 895 1161 944 excluso
1178 891 1218 957 τῷ
1229 909 1287 956 por·

167 980 263 1041 licitus,
283 981 351 1043 quod
369 980 445 1027 inane
462 992 492 1026 aa
507 991 700 1040 supervacuum.
718 979 762 1028 lib.
774 983 842 1039 ete
861 976 914 1041 [14,
926 976 984 1039 el]:
1003 993 1064 1041 quae
1080 985 1163 1026 statua
1179 993 1238 1025 nunc
1255 984 1290 1024 est

167 1064 192 1112 in
211 1062 324 1113 Octavim
340 1063 454 1124 operibus.
476 1063 520 1111 lib.
533 1067 600 1122 ee‚5
619 1060 655 1124 [4,
670 1061 726 1124 lb]:
751 1062 907 1125 Veneremque
927 1063 977 1111 eius
996 1078 1044 1111 esse
1061 1062 1087 1110 ia
1107 1061 1219 1112 Octaoioe
1235 1075 1289 1123 ape-

166 1146 238 1195 ribus.
261 1146 296 1194 Et
311 1161 398 1196 rursus
415 1143 451 1207 [4,
466 1143 522 1206 22]:
543 1143 635 1209 Cupido
655 1146 756 1194 abiectres
772 1163 788 1194 a
807 1145 916 1196 Cicerone
935 1146 1017 1207 Verri,
1039 1145 1086 1208 ille,
1105 1153 1289 1210 propterquam

172 1229 290 1293 Thespiae
301 1230 443 1291 uisebantur,
455 1246 516 1277 nunc
527 1237 563 1278 est
574 1229 598 1277 in
613 1229 728 1280 &tantae
738 1229 824 1279 sciolis
832 1231 932 1294 meiius.

203 1312 330 1376 [40‚140]
351 1312 422 1362 Cleon
440 1312 549 1374 Adnteto,
570 1312 714 1363 ctesidemus
733 1313 860 1364 Oeclraliae
876 1312 1057 1380 enpuynationc]
1080 1315 1199 1365 Vossieu.
1221 1311 1291 1362 Clean

169 1397 266 1460 Cadmo,
278 1408 307 1449 ut
318 1409 344 1449 et
355 1400 474 1449 Pintiani.

202 1481 293 1546 [ibid]
308 1482 393 1532 Pinxit
403 1481 544 1532 volutantem
556 1483 744 1547 cum-piscatore,
756 1500 824 1547 quun
835 1484 942 1549 moinum
954 1499 1037 1532 amare
1048 1499 1124 1533 sermo
1136 1482 1199 1545 erat]
1213 1485 1290 1534 Voss.
1361 1485 1374 1498 ⁸

165 1568 281 1631 piratae.
302 1569 346 1618 An
364 1576 402 1617 est
419 1583 512 1617 namen
528 1569 641 1619 hominis
663 1577 688 1618 et
704 1569 865 1619 scribendum
876 1569 1009 1619 Puanoret
1032 1569 1134 1619 Nomen
1151 1570 1201 1618 hoc
1213 1567 1291 1619 Grae·

168 1667 238 1712 cum,
260 1655 328 1714 quod
348 1652 454 1702 Ovidius
474 1666 577 1715 quoque
599 1655 643 1702 dat
663 1654 739 1702 alicui
757 1654 945 1705 Centaurorum
964 1655 1009 1704 lib.
1035 1660 1066 1703 12
1087 1650 1206 1714 [Metam.
1228 1668 1290 1703 vers.
1357 1714 1361 1719 ·

168 1742 226 1798 30³,
239 1737 282 1787 ubi
294 1752 362 1786 nnnc
373 1737 457 1786 editur
472 1735 618 1798 lbaumas]:
636 1744 722 1784 etcum
733 1736 848 1786 Pisenore
863 1736 974 1787 Oaumas.

204 1818 257 1881 [42
270 1819 329 1882 150]
348 1820 400 1871 Sed
410 1820 436 1868 in
447 1820 560 1868 cortinam
570 1819 686 1884 piamenti
694 1821 815 1884 ferventis
826 1819 915 1883 mersa]
930 1823 1015 1872 Verba
1025 1821 1089 1870 haec
1099 1822 1160 1870 satis
1169 1823 1292 1870 mendosa

168 1919 204 1953 ex
219 1906 293 1955 codd.
310 1906 457 1968 Hispalensi
474 1913 499 1954 et
515 1905 586 1968 regio
603 1919 630 1955 se
642 1906 775 1955 restituere
788 1913 860 1968 putat
872 1905 1009 1955 Gousalius
1022 1907 1053 1954 ad
1065 1906 1168 1954 Patron.
1182 1900 1249 1968 [cap.
1264 1903 1291 1966 5]

168 1990 312 2039 scribendo:
334 1990 417 2038 sedin
434 1988 525 2037 cortina
538 1988 620 2053 pinei,
641 1989 667 2037 in
680 1990 803 2053 feruentes
819 2005 898 2052 aquas
915 2004 999 2037 mersa.
1027 1989 1078 2040 Sed
1094 2003 1169 2038 nosse
1186 1990 1293 2039 debebat

170 2074 236 2123 banc
253 2074 314 2123 olim
331 2075 466 2124 lectionem
483 2075 614 2135 vulgatam
629 2074 717 2133 inisse,
734 2089 811 2138 quarn
830 2074 899 2124 omni
915 2089 990 2124 sensu
1007 2082 1135 2123 carentem
1151 2088 1185 2122 ex
1202 2075 1291 2123 melio-

170 2157 238 2206 ribus
254 2157 331 2219 libris,
349 2167 378 2208 ut
394 2174 463 2207 nune
480 2159 597 2220 babetur,
616 2157 738 2208 Gelenius
755 2159 871 2209 mutavit.
898 2157 972 2218 Quae
992 2159 1059 2207 enirn
1080 2173 1158 2220 aquae
1170 2159 1293 2220 fauentes

170 2247 267 2290 tautum
278 2242 330 2290 vim
342 2242 456 2304 tingendi
468 2242 579 2291 habenti
597 2243 674 2293 Voss.
687 2243 711 2291 in
723 2242 839 2291 suumne
848 2242 944 2306 piamen
956 2241 1106 2305 utferventis
1117 2256 1201 2290 mersa.
1221 2241 1293 2302 Quae

170 2326 314 2388 significant
340 2329 401 2376 satis
426 2328 493 2376 clare
518 2328 657 2390 repositum
677 2343 693 2376 a
714 2327 831 2378 Gelenio.
860 2328 929 2377 Vela
948 2326 1081 2375 illinuntur
1105 2327 1292 2374 medicamento

171 2410 284 2459 colorem
300 2411 428 2461 trahente:
452 2412 510 2460 dein
527 2419 670 2461 mersantur
690 2412 830 2460 incertius
850 2412 903 2460 sive
924 2412 1023 2471 abeno,
1044 2411 1070 2458 in
1088 2423 1139 2471 quo
1156 2423 1208 2458 nun
1226 2421 1293 2470 aqua

170 2507 253 2555 mera,
274 2497 318 2544 sod
338 2495 498 2558 pigmentum
517 2495 611 2546 fervet:
633 2496 669 2544 ibi
689 2497 914 2545 medicamentum·
923 2495 988 2543 illud
1009 2494 1072 2543 velis
1091 2493 1187 2542 illitum
1208 2493 1293 2542 sorbet

171 2579 292 2640 colorem,
304 2586 329 2628 et
340 2580 443 2642 quidem
454 2580 552 2629 varium
564 2595 598 2629 ex
609 2581 741 2643 pigmento
753 2579 813 2629 licet
824 2581 899 2629 unius
911 2580 1011 2629 coloris.
1100 2592 1107 2602 ⁸

205 2663 270 2712 cir.
286 2663 347 2712 XII.
365 2660 418 2725 [45‚
435 2662 494 2726 154]
517 2664 541 2712 A
558 2663 645 2713 deutra
660 2680 734 2728 opera
749 2663 892 2728 Damophili
905 2679 963 2725 esse,
981 2671 1078 2726 aparte
1091 2661 1160 2710 laeva
1174 2658 1293 2724 Gorqaso]

172 2747 297 2801 Vossiab
309 2755 386 2796 estre.
410 2750 476 2809 dein,
492 2765 541 2798 esse
557 2748 646 2813 aplane
660 2748 772 2812 Goryasr'.
796 2748 893 2800 Scribe:
913 2749 944 2797 ab
960 2746 1048 2796 decim
1062 2762 1136 2810 opera
1153 2741 1295 2808 Damophili

172 2845 228 2890 esse,
241 2831 273 2878 ab
285 2829 354 2878 hena
369 2830 481 2895 Gorqasi.

207 2911 295 2976 [thid]
318 2915 411 2964 Romae
427 2915 508 2964 Posim
526 2916 624 2977 montiae,
641 2933 659 2964 a
675 2934 720 2980 quo
728 2918 815 2979 factas
832 2917 924 2966 Romae
941 2916 1011 2978 uvas]
1031 2917 1131 2968 Gelonii
1147 2924 1192 2965 est.
1217 2916 1293 2965 Voss.

169 2998 214 3057 fac
226 3014 312 3062 pomae
328 3006 405 3048 tuuas.
428 2999 495 3049 Hinc
511 2999 554 3048 alii
570 2999 653 3049 fecere
664 3001 752 3062 factas
764 3000 855 3048 Rarum
872 3001 945 3048 tubas.
968 3001 1050 3049 Asse.
1063 3001 1133 3048 Men.
1147 2997 1213 3048 Gnd.
1219 2999 1295 3062 facta

169 3084 275 3145 pometia
286 3100 353 3133 oasa.
373 3084 424 3134 Sed
437 3085 593 3134 reddendum
605 3093 659 3135 erat
667 3085 742 3147 facta
751 3099 825 3147 poma
840 3091 863 3131 et
873 3099 939 3132 uuas.
959 3082 1080 3145 Sequitur
1092 3083 1119 3131 in
1130 3083 1212 3131 Aead.
1222 3083 1294 3130 Men.

175 3166 242 3217 Gud
258 3167 312 3217 item
325 3169 399 3232 piscis
414 3176 509 3232 aspectu
526 3185 543 3217 a
559 3168 620 3217 veris
636 3167 775 3217 discernere.
799 3169 877 3218 Voss.
894 3166 948 3215 item
962 3166 1037 3230 piscis
1054 3173 1150 3229 aspenu
1162 3164 1295 3213 discernere

174 3268 191 3299 a
202 3252 271 3304 ceres.
293 3253 427 3318 Nusquam
444 3254 478 3302 ita
494 3261 520 3302 ut
536 3269 580 3302 non
596 3254 635 3303 sit.
659 3253 758 3304 Censeo
772 3251 878 3315 piscibus
893 3253 958 3301 nihil
976 3267 1029 3302 esse
1046 3251 1105 3311 loci,
1123 3259 1149 3300 et
1165 3251 1294 3313 scripsisse
1336 3276 1340 3283 .

174 3346 315 3388 auctorem:
333 3346 359 3387 ut
370 3354 416 3387 non
425 3354 506 3401 posses
518 3346 612 3401 aspectu
625 3336 756 3386 discernere
768 3353 784 3385 a
796 3339 864 3387 veris.

210 3421 299 3485 [Ibid]
325 3421 397 3472 Cuius
408 3421 575 3486 proplasmata
586 3422 667 3486 pluris
683 3422 761 3471 uenire
778 3421 859 3484 solita]
884 3423 927 3474 Sic
939 3422 1067 3484 Gelenius,
1085 3437 1142 3472 cum
1159 3427 1225 3471 esset
1237 3434 1294 3483 pro.

173 3504 296 3566 plasticen.
314 3509 397 3557 Aead.
410 3509 479 3557 Men.
490 3508 556 3559 Gud.
569 3508 634 3557 cuius
644 3506 755 3571 plastica.
769 3509 843 3558 Voss.
853 3506 921 3556 cuius
927 3504 1101 3570 plaucosamta.
1114 3509 1202 3557 Forte:
1211 3502 1295 3568 plasta

176 3587 269 3652 Samia,
288 3600 316 3642 nt
327 3607 388 3640 uasa
400 3592 493 3643 Samia.

211 3672 263 3735 [45‚
277 3675 336 3738 157]
354 3675 407 3727 Nec
415 3678 518 3739 poenitet
529 3693 571 3726 nos
583 3675 684 3738 illarum,
696 3677 740 3739 qui
752 3676 811 3726 tales
823 3675 923 3738 coluere]
937 3677 1013 3726 Voss.
1031 3676 1073 3738 qni
1084 3674 1143 3724 tales
1154 3690 1192 3722 aas
1204 3672 1294 3722 coluere

176 3760 346 3823 suprascripta
358 3763 432 3811 litera
443 3761 478 3822 D,
492 3769 521 3811 ut
532 3769 605 3823 esset,
618 3762 660 3823 qui
671 3759 730 3808 tales
742 3761 797 3810 deos
809 3761 906 3810 cotum.

211 3839 265 3903 [46,
280 3843 338 3906 tte]
365 3845 472 3909 Aeoique
484 3844 604 3907 firmitate
621 3845 723 3893 certiora
741 3844 812 3907 auro]
840 3847 915 3895 Voss.
928 3844 1060 3907 firmitates
1076 3844 1191 3892 anctiora.
1216 3843 1294 3892 Haud

177 3927 264 3987 dubie,
276 3926 395 3989 finnitate
411 3914 546 3991 sanctiora,
563 3933 632 3994 quod
649 3932 792 3980 restitutum
809 3930 840 3978 ab
857 3931 997 3979 Hermolao
1014 3930 1081 3978 male
1097 3929 1204 3978 mutavit
1219 3927 1295 3978 Gele-

175 4014 240 4063 nius.
257 4015 340 4064 Acad.
352 4016 421 4066 Men.
435 4017 501 4067 Gud.
514 4016 638 4065 sanctiore.

211 4095 264 4160 [te
280 4099 340 4162 159]
358 4094 505 4162 Imbricibus,
523 4100 607 4150 tubulis
624 4098 762 4165 teyulisqne]
782 4101 859 4149 Voss,
876 4099 1009 4149 imbricibus
1024 4097 1094 4148 doliis
1109 4098 1144 4147 ael
1160 4099 1218 4147 vina
1229 4115 1295 4149 erco-

174 4183 258 4247 9itatis
270 4185 305 4234 ad
314 4201 393 4249 aquas
405 4185 491 4236 tubulis
502 4186 538 4236 ad
548 4186 654 4237 balineas
666 4185 799 4234 mammetis
815 4185 850 4233 ad
861 4193 921 4234 tecta
938 4183 1056 4234 casulibus
1072 4182 1191 4260 laterculis
1200 4183 1294 4247 sunda·

176 4269 260 4318 ments's
271 4279 386 4333 quaeant
397 4286 459 4335 quae
471 4271 608 4322 Numeres
619 4270 747 4335 septimum.
