2918 4794
503 296 608 338 NOTAE
625 294 668 335 AD
684 293 766 333 LIBR.
782 292 941 331 XII-XVI.

558 472 624 536 AD
648 470 768 536 LIBR.
791 469 889 536 XIV.

201 598 265 672 css.
284 620 330 669 IV.
348 616 385 678 [o,
404 613 447 676 51]
478 612 631 674 (incurritque
648 627 694 658 non
710 627 775 658 nemo
792 609 827 658 aci
845 607 988 673 spectandas
1004 624 1102 656 unarum
1120 608 1144 656 in
1161 607 1198 656 iris
1213 607 1286 656 vinem

165 703 256 765 strues]
273 704 369 754 Omnes
386 701 447 760 iore,
467 699 511 762 qui
523 699 658 746 admovere
670 696 754 746 Plinio
767 710 863 754 manus,
881 695 949 742 hanc
960 696 993 743 ad
1005 694 1090 743 locum
1103 694 1143 741 vel
1154 694 1286 742 restituen-

165 794 224 840 dam
238 789 278 836 vel
295 786 474 836 illustrandum
491 781 589 844 aliquid
606 781 782 838 contulerunt,
800 780 968 838 Hermolaus,
985 779 1139 839 Rhenanus,
1157 778 1286 836 Gelenius,

166 875 306 931 Pincianus,
323 868 515 930 Dalecampiue,
532 872 559 913 et
575 879 651 926 super
666 865 714 914 hos
729 865 756 911 in
771 863 859 925 quinto
872 865 903 911 de
913 862 980 911 Asse
991 863 1118 912 Budaeus.
1137 864 1195 923 Quo
1206 861 1288 924 magis

166 958 243 1006 miror
255 971 307 1005 non
320 955 406 1013 fuisse,
415 952 459 1014 qni
470 948 763 998 moneretscribendum:
777 945 930 1008 occurritque
938 961 1004 994 nemo
1013 962 1066 996 non.
1075 948 1150 1008 Nem,
1160 962 1205 994 non
1214 961 1287 1006 nemo,

167 1042 227 1103 quid
241 1041 288 1088 nisi
302 1036 409 1099 aliquis?
425 1034 487 1097 quid
500 1043 585 1082 autem
596 1032 650 1091 hic,
663 1030 769 1079 cucurrit
779 1029 884 1092 aliquis?
902 1031 986 1080 Immo
999 1031 1113 1080 certatim
1126 1031 1289 1080 cucurrerunt

168 1127 352 1184 undecumque,
370 1123 404 1170 Et
415 1121 474 1179 hoc,
487 1115 634 1178 cucurritque
646 1131 712 1163 nemo
724 1130 778 1164 non.
792 1113 846 1176 [Ex
859 1113 962 1164 Misceil.
976 1131 1000 1178 p.
1013 1112 1084 1176 848]

144 1220 148 1225 ·
201 1208 238 1257 Ib.
255 1207 355 1254 Annaea
372 1204 470 1262 Seneca,
486 1200 596 1264 principe
612 1207 659 1248 uem
677 1197 816 1247 eruditionis
833 1215 863 1246 ac
876 1199 1003 1261 potentiae,
1016 1215 1077 1261 quae
1086 1199 1289 1262 pastremcnimia

159 1291 215 1354 fuit
231 1306 300 1353 super
315 1286 403 1353 ipsum]
423 1289 562 1336 Rhenanus
579 1299 637 1333 cum
653 1285 778 1348 applausu
791 1284 878 1346 Steph.
890 1284 1000 1347 Aquaei‚
1018 1299 1079 1346 quae
1087 1292 1203 1347 postremo
1215 1284 1289 1333 nimia

169 1373 286 1438 superfuit
301 1373 356 1436 ipsi.
374 1373 512 1436 Pinianus,
522 1378 603 1418 totum
620 1370 672 1417 hoc
688 1370 800 1431 elogium
816 1384 867 1417 non
885 1369 998 1418 redolere
1013 1369 1125 1418 Plinium
1140 1377 1166 1418 et
1182 1370 1205 1418 ei
1222 1369 1289 1419 falso

170 1445 273 1509 attribui
285 1459 420 1506 existimat.
438 1454 618 1516 Dalecampius
630 1453 820 1516 interpretatur,
835 1454 862 1501 in
878 1454 931 1502 eius
948 1454 1119 1503 calamitatem
1137 1460 1163 1502 et
1174 1454 1289 1514 exitium,

168 1546 243 1592 credo
260 1542 376 1605 cogitans
392 1541 464 1600 illud,
481 1536 612 1587 Piciiistiim
628 1553 699 1599 super
717 1544 750 1598 te,
771 1535 881 1586 Samson.
904 1537 932 1587 Si
949 1553 1037 1587 verum
1052 1539 1098 1598 vis,
1115 1539 1207 1588 scribe:
1229 1553 1291 1600 quae

166 1637 282 1690 postremo
295 1625 369 1673 nimia
380 1624 428 1672 ruit
443 1639 513 1686 super
525 1622 607 1686 ipsum
619 1621 725 1671 Curtius
737 1622 778 1670 lib.
794 1624 806 1669 7
823 1620 858 1683 [4,
874 1627 912 1683 11,
931 1624 999 1685 apud
1012 1621 1108 1686 Zumpt.
1120 1622 1182 1683 VII,
1197 1628 1236 1683 16,
1252 1628 1290 1676 12.

169 1728 194 1775 p.
208 1708 282 1771 308]:
301 1710 418 1773 Mapnum
431 1723 488 1756 ortus
499 1706 599 1754 sustines
611 1705 695 1768 capite,
712 1704 801 1768 repium
818 1705 918 1768 insiqne.
932 1705 975 1754 hoc
986 1715 1029 1755 uut
1040 1706 1159 1756 medante
1162 1705 1291 1768 suentium

169 1802 211 1855 est,
224 1803 273 1855 aut,
286 1792 349 1856 quod
360 1793 490 1852 abominor,
503 1790 527 1838 in
540 1798 561 1837 te
572 1796 631 1837 ruet.
646 1786 698 1849 [Ex
711 1788 813 1837 Micceil.
826 1805 850 1851 p.
863 1794 913 1840 848
926 1780 990 1852 soa]

575 1986 640 2051 AD
663 1984 784 2050 LIBR.
806 1984 884 2051 XV.

206 2133 270 2183 Cas.
286 2133 372 2182 XXX.
391 2129 444 2192 [39,
465 2125 525 2190 129]
547 2129 578 2177 de
594 2128 693 2179 Lauro:
719 2125 795 2175 Iidem
813 2125 837 2174 in
855 2123 904 2174 aiio
920 2141 1005 2189 qaaere
1023 2125 1153 2175 bucceliam
1170 2126 1294 2191 appellant

173 2217 241 2277 lanc,
259 2232 320 2278 quae
332 2213 497 2278 culpatissima
509 2220 544 2260 est
556 2213 725 2273 caseorumque
736 2208 902 2274 fertilissima]
925 2212 966 2262 De
978 2212 1067 2260 eadem
1079 2212 1121 2261 lib.
1136 2214 1175 2273 17,
1192 2219 1221 2261 lc
1241 2211 1294 2276 [ll‚
1362 2278 1367 2285 .

174 2300 231 2362 60];
250 2299 348 2348 Laurus
362 2296 473 2361 piurimis
489 2293 563 2344 modis
574 2295 671 2344 seritur.
693 2294 788 2345 Genera
799 2295 849 2342 eius
861 2293 972 2344 dicimus.
989 2294 1032 2343 Eu
1044 2293 1081 2344 iiis
1093 2303 1195 2360 auqusta
1206 2304 1229 2344 et
1241 2297 1295 2346 bac·

173 2381 234 2431 caiis
245 2390 268 2430 et
279 2382 341 2430 tinus
352 2379 428 2430 simili
439 2377 507 2426 noda
518 2387 636 2428 seruntur.
660 2380 759 2442 Nempe
771 2377 877 2427 bacculis
888 2388 914 2428 et
927 2377 1036 2427 baccalia
1046 2381 1122 2441 idem,
1140 2390 1169 2430 ιι1
1180 2379 1296 2430 turmas
1362 2414 1367 2423 -

174 2476 200 2517 et
217 2466 343 2514 hortensia.
373 2464 510 2515 Caeterum
531 2470 556 2512 et
576 2464 725 2526 suspicabar
746 2464 883 2526 aliquando
902 2464 1022 2514 Ovidium
1044 2466 1173 2529 scripsisse
1192 2465 1237 2514 lib.
1255 2471 1295 2515 15.

173 2553 278 2601 Metam.
291 2565 355 2599 vers.
368 2553 426 2598 590.
445 2554 500 2594 ante
513 2555 589 2594 tamen
602 2546 694 2596 baccaii
704 2564 793 2596 munuc
809 2546 878 2596 lauro
896 2546 972 2598 Velut.
996 2550 1052 2599 Etsi
1064 2547 1151 2613 pacali
1166 2565 1238 2600 snam
1248 2550 1296 2598 lra-

173 2637 234 2684 beat
245 2635 381 2683 Venerem.
400 2631 455 2694 [ΕΚ
468 2630 571 2681 Maced.
583 2647 609 2696 p.
621 2629 692 2694 esa]

210 2719 316 2767 Ibidem.
347 2716 434 2765 Liuiae
454 2715 591 2778 Drusillae,
606 2733 675 2783 'quae
692 2726 776 2782 pastea
796 2717 907 2782 Aupusta
927 2717 1074 2766 matrimonii
1092 2734 1173 2767 nornen
1193 2718 1296 2783 accepit]

176 2803 325 2851 Vestranius
338 2805 371 2850 ad
383 2801 464 2850 Taciti
476 2803 619 2852 Annalium
633 2807 655 2865 l,
668 2809 692 2852 8.
709 2804 814 2866 corrigit
825 2803 913 2853 mariti.
937 2805 1026 2854 Forte:
1046 2819 1107 2866 quae
1119 2811 1204 2867 pastea
1214 2803 1297 2869 Anqu-

176 2894 228 2933 stae
239 2885 387 2933 nratmmanio
398 2901 480 2933 nomen
491 2886 589 2948 accurit.
608 2885 663 2947 [Ex
674 2885 777 2936 Misceli.
789 2902 814 2949 p.
826 2885 898 2948 8411]

574 3080 638 3145 An
661 3080 781 3146 uren.
803 3038 900 3148 xvi.

208 3225 276 3276 Car.
294 3222 423 3274 XXXIII.
442 3218 575 3284 [ao,141]
602 3220 743 3284 Quanquam
763 3218 821 3269 Oua
842 3221 996 3271 Tarentinam
1013 3237 1065 3270 eam
1081 3221 1200 3287 appellat]
1222 3226 1299 3277 Hunc

78 3331 92 3335 ··
177 3311 262 3359 locun
279 3324 326 3371 pro
344 3308 402 3371 plns
418 3308 471 3356 vice
487 3307 596 3370 simplici
611 3307 700 3355 vitiato
719 3313 811 3356 uacat
822 3305 964 3358 Salmasius
976 3309 1008 3356 ad
1021 3307 1101 3359 Solia.
1113 3323 1172 3372 pag.
1186 3314 1243 3360 173.
1265 3311 1300 3362 Iit

178 3395 260 3458 primo
277 3393 376 3442 scribit:
399 3406 469 3453 quum
488 3387 547 3438 Octa
567 3389 722 3439 Tarentinum
740 3405 792 3437 eum
808 3388 917 3454 appellet.
942 3391 970 3442 Si
986 3400 1094 3456 poscant
1109 3395 1207 3458 optimi,
1223 3395 1299 3446 facile

178 3479 267 3540 patior,
284 3477 330 3526 etsi
343 3477 476 3525 miuimum
487 3483 532 3523 aut
543 3476 609 3524 nihil
619 3475 722 3524 referat.
745 3475 827 3525 Aoad.
840 3475 907 3526 Gnd.
919 3477 1041 3526 Vossiani
1057 3479 1134 3541 plane
1148 3488 1178 3528 ut
1193 3481 1299 3542 vulgati.

179 3564 255 3611 Mox:
283 3559 334 3611 Sed
348 3561 373 3608 in
393 3560 497 3609 Tarento
514 3575 656 3622 quocumque
676 3561 701 3608 in
718 3559 767 3608 Ioco
784 3567 870 3608 terram
887 3562 985 3610 mouerit
1002 3563 1128 3626 quispiam,
1144 3565 1168 3612 si
1182 3563 1300 3613 naturalis

181 3644 245 3707 iaec,
263 3644 370 3710 qipnitur
382 3644 537 3708 protinusque
554 3644 667 3708 emiqrct:
685 3644 709 3692 in
725 3635 777 3693 itti
786 3661 840 3693 uero
851 3645 921 3693 etiam
934 3661 979 3693 non
991 3645 1112 3709 appellato
1123 3647 1172 3696 saio
1184 3664 1197 3696 e
1207 3665 1299 3710 manso.

180 3731 238 3780 Hoc
250 3732 355 3781 maioris
367 3739 406 3780 est
418 3730 526 3779 abollae.
542 3744 602 3777 nam
615 3728 640 3776 in
656 3727 759 3777 Tarento
777 3731 808 3777 de
824 3743 895 3779 mera
907 3731 1053 3781 coniectura
1065 3733 1172 3794 subiicit,
1189 3749 1237 3796 pro
1250 3749 1300 3797 quo
1340 3764 1343 3771 ·

179 3815 281 3864 codices
293 3815 317 3863 in
332 3812 411 3863 Orata.
429 3821 458 3863 nt
469 3822 495 3862 et
511 3814 536 3861 in
548 3811 599 3873 ilia,
617 3828 663 3876 pro
676 3810 727 3860 itta.
746 3815 817 3875 quasi
829 3814 927 3864 Plinius
938 3815 1042 3865 interce
1054 3824 1185 3880 comparet
1197 3817 1301 3869 Oratam

181 3906 206 3947 et
217 3900 368 3948 Tarentum:
387 3914 443 3949 cum
455 3899 500 3947 ille
511 3899 577 3947 nihil
589 3898 632 3945 hic
645 3899 676 3946 de
688 3898 809 3958 Tarento,
824 3899 870 3947 sed
886 3911 1034 3962 cupressum
1051 3915 1146 3951 marem
1163 3909 1189 3952 et
1200 3916 1301 3966 cupres-
1363 3965 1367 3968 ⁴

181 3998 238 4032 snm
254 3981 392 4032 foeminam
406 3984 434 4032 iu
451 3983 529 4032 Creta
545 3990 678 4032 nascentes
693 3983 760 4031 inter
776 3996 830 4032 sese
848 3986 984 4032 contendat
999 3992 1025 4033 et
1040 3988 1188 4037 committat.
1216 3989 1301 4049 Quare

181 4076 266 4115 antem
285 4067 379 4115 diceret
395 4065 419 4114 in
436 4066 556 4116 Tarento?
583 4065 683 4116 Tarenti
697 4068 782 4130 potius
800 4075 845 4116 aut
856 4066 881 4114 in
897 4067 1025 4117 Tarentino
1037 4070 1148 4121 dixisset
1166 4073 1214 4122 nisi
1225 4072 1300 4136 forte,

182 4158 210 4198 ut
221 4149 309 4213 Arpos,
322 4148 422 4213 Sparta,
439 4150 514 4200 Troia
524 4166 573 4215 pro
584 4152 688 4213 regione
700 4151 768 4200 eirca
779 4151 855 4202 urbes
867 4152 926 4202 illas
937 4154 1072 4216 interdum,
1087 4156 1122 4205 ita
1133 4165 1159 4207 et
1174 4156 1301 4207 Tarentum

181 4248 230 4295 pro
241 4235 345 4296 regiano
355 4242 502 4298 usurpatur.
520 4236 586 4286 Tum
600 4250 676 4300 quam
689 4235 781 4286 durum
793 4235 856 4286 illud
869 4244 895 4286 et
906 4238 973 4288 male
984 4239 1134 4303 praecisum,
1150 4240 1174 4290 si
1181 4239 1302 4292 caucalis
