2918 4794
230 274 271 336 94
720 294 863 337 onouovs

229 459 282 493 ears
297 443 421 507 irrepente.
448 444 531 508 Lege:
553 443 694 508 vidissetque
713 443 838 509 adoptione
856 445 1038 497 testamentoria
1054 444 1198 511 Salpittonis
1217 446 1274 510 (loo
1289 450 1350 500 enim

227 531 309 589 ficerat
323 543 448 592 oopnomen
463 528 635 594 Africanorum
652 527 771 592 dedecoro)
787 529 917 594 inrepentes
936 529 1072 594 Scipionum
1089 533 1185 582 nomini.
1208 533 1264 585 Nisi
1276 535 1350 585 malis

229 611 381 677 Solpsittvnes.

165 705 211 749 831
263 695 299 760 [2,
312 696 339 759 9]
366 696 470 754 Quorum
486 695 629 747 immortales
644 697 739 746 animae
755 697 780 746 in
796 696 878 746 iisdem
896 696 953 746 loeis
964 697 1146 761 ibiloquuntur]
1171 701 1253 752 Vacat
1264 699 1296 751 τὸ
1309 703 1349 753 nbi.

227 783 270 834 Sic
286 782 354 832 onim
365 781 456 830 Voss:
473 796 571 843 quorum
587 781 731 830 immortales
748 781 843 830 animae
858 781 882 830 in
899 780 955 831 loces
966 780 1049 831 iisdem
1061 781 1195 846 loquuntur.
1214 767 1277 836 Tres
1293 787 1348 836 alii:

226 868 304 916 anime
315 873 338 915 et
349 865 374 914 in
386 863 484 914 hiisdem
497 863 554 913 loeis
565 865 599 913 ibi
610 865 742 929 loquuntur.

261 951 298 1015 [2,
312 950 356 1013 11]
378 950 436 1001 Non
451 949 581 999 nominibus
593 959 682 999 tantum
694 951 891 1015 septinpentorum
904 949 1040 1013 illustrium,
1052 951 1095 1000 sed
1105 952 1176 1002 etiam
1188 952 1349 1017 aliquomodo

226 1035 379 1102 inopintbus]
404 1035 481 1084 Voss.
499 1033 594 1083 insertos
606 1032 763 1084 uoluminibus
773 1035 1073 1097 suorumfooeunditotimn
1085 1037 1280 1101 septinpentorum
1293 1039 1348 1089 illn-

225 1124 309 1172 strium
325 1119 405 1183 aliquo
421 1117 489 1167 modo
505 1118 656 1183 imapinibus.
678 1120 770 1170 Voluit
785 1119 927 1168 voluminum
943 1136 1037 1169 suorum
1045 1119 1215 1182 foecunditati.
1238 1125 1308 1173 Men.
1322 1136 1348 1175 et

225 1207 293 1258 (iud.
309 1213 333 1253 et
347 1202 442 1252 insertis
458 1203 482 1251 in
499 1202 653 1252 uoluminibus
669 1220 715 1252 non
733 1211 823 1253 tantum
835 1211 894 1268 sept.
917 1203 999 1254 Aoad.
1016 1212 1039 1252 et
1051 1205 1145 1254 insertis
1157 1205 1181 1254 in
1192 1205 1348 1256 uoluminibus

225 1300 249 1339 et
259 1288 389 1339 nominibus
400 1303 447 1336 non
461 1295 478 1337 t.
490 1296 558 1351 sept·

260 1372 350 1438 [mia]
372 1371 509 1421 Inventione
520 1371 623 1421 muneris
634 1371 705 1420 etiam
717 1371 764 1420 diis
774 1371 916 1435 invidiosus]
940 1374 983 1423 Ab
994 1374 1145 1436 Hermolao,
1161 1388 1221 1423 cum
1237 1377 1348 1426 dedisset

225 1460 352 1508 Andreas:
371 1455 499 1504 inventioni
514 1457 616 1504 muneris
631 1456 701 1505 etiam
717 1455 765 1505 diis
781 1455 910 1506 inuidiosis.
934 1458 1011 1507 Voss.
1029 1457 1136 1506 inuentor
1151 1461 1259 1522 numquis
1274 1461 1346 1508 etiam

224 1541 271 1590 diis
287 1538 408 1590 invidiosi.
435 1539 523 1590 Scribe
539 1541 647 1600 munau,
664 1548 694 1589 ut
710 1548 736 1590 et
751 1541 893 1591 Pintianus.
921 1540 988 1592 Gud.
1006 1549 1032 1591 et
1042 1542 1124 1592 Aoad.
1142 1541 1273 1592 inventores
1289 1545 1346 1607 qum

224 1628 294 1674 etiam
307 1624 355 1675 diis
367 1622 485 1685 invidiosi,
502 1631 531 1672 ut
543 1632 568 1673 et
578 1627 657 1685 Men,
669 1625 717 1674 nisi
731 1628 799 1687 quod
812 1622 934 1674 invidiose.

259 1707 348 1773 [Ibin]
377 1709 409 1758 Ut
421 1715 559 1771 praesentes
577 1724 625 1757 esse
642 1708 727 1772 ubique
744 1717 767 1758 et
783 1707 865 1758 claudi
877 1708 985 1772 possent]
1013 1710 1090 1760 Voss.
1110 1709 1195 1773 ubique
1211 1709 1278 1759 eludi
1290 1727 1345 1774 pos·

222 1804 280 1844 sent.
302 1796 383 1856 Leges
402 1791 486 1854 ubique
501 1800 524 1840 et
540 1790 619 1840 videri
629 1801 732 1856 possent.
750 1796 820 1844 Men.
834 1795 900 1846 (iud.
913 1795 996 1843 Aoad.
1014 1801 1040 1842 ut
1053 1802 1190 1856 praesentes
1201 1810 1250 1843 esse
1260 1795 1345 1858 ubique

222 1878 290 1928 credi
297 1877 397 1943 possint.
832 1871 835 1875 ’

256 1963 320 2014 Onu.
336 1961 386 2012 111.
408 1958 503 2023 [3,12]
531 1960 562 2012 Si
580 1960 705 2010 liberorum
727 1962 795 2011 turba
811 1962 898 2025 parvis
918 1962 1059 2026 imopinibus
1080 1978 1120 2011 oeno
1140 1961 1222 2012 naon
1242 1963 1343 2026 aliquem

221 2046 317 2109 sobolis]
344 2048 422 2096 Voss.
442 2043 528 2100 subolis
546 2053 571 2095 et
587 2044 694 2094 liberum.
717 2046 753 2096 Ut
769 2054 796 2096 et
811 2062 881 2106 mox,
899 2045 1022 2095 Malorum
1039 2045 1131 2110 quidem
1147 2052 1257 2097 nostrum.
1281 2049 1343 2096 Pin-

221 2137 305 2184 tianus
317 2133 394 2181 etiam
407 2127 512 2177 liberum.
576 2149 580 2165 ι
971 2129 973 2133 “

256 2216 292 2279 [3,
307 2213 349 2276 13]
369 2213 498 2276 Serumque
509 2212 534 2262 in
546 2212 632 2262 casmis
644 2212 727 2276 tulere]
746 2215 823 2265 Voss.
836 2230 928 2264 uenae.
946 2217 1022 2266 Forte
1034 2221 1172 2274 usaaoaut
1184 2223 1283 2264 tenuas.

256 2298 292 2363 [8,
308 2297 350 2361 14]
375 2297 469 2346 lumnit
484 2297 514 2356 Q.
530 2296 649 2360 Martius]
667 2297 747 2347 Lucio
761 2313 917 2363 praenomen
928 2299 984 2361 init,
1002 2315 1056 2351 nou
1071 2299 1166 2357 Quinto.
1183 2300 1274 2364 Itaque
1290 2302 1344 2350 iure

220 2391 324 2450 ignorat
334 2385 478 2434 Vossianus
490 2380 520 2431 τὸ
539 2382 568 2440 Q.
1217 2366 1219 2379 ¹
1317 2374 1320 2379 '

255 2467 349 2532 [6,18]
376 2467 477 2517 Pontius
494 2466 586 2532 lepotus
606 2465 661 2518 Caii
671 2467 789 2532 principis
805 2484 846 2516 eas
864 2467 944 2516 tollore
961 2476 1058 2516 sanatus
1074 2466 1120 2530 est]
1147 2469 1224 2519 Hunc
1240 2484 1343 2532 quoque

220 2557 333 2618 legatum
351 2554 471 2617 principis
488 2569 504 2602 a
519 2553 602 2602 Plinio
620 2553 662 2602 hic
679 2554 823 2617 adhibitum
838 2555 981 2603 Vossianus
997 2561 1083 2616 negat.
1106 2554 1148 2604 Sis
1164 2555 1232 2603 enim
1249 2555 1294 2603 ibi:
1316 2562 1343 2601 ut

164 2664 165 2667 ¹
220 2640 290 2704 uirpo
301 2655 329 2687 ne
340 2637 411 2686 minis
423 2636 516 2700 quidem
530 2637 601 2700 tempi
611 2645 790 2700 oonausseputus
799 2637 910 2701 princeps
922 2635 1001 2686 tollere
1013 2654 1061 2686 eas.
1074 2638 1162 2698 Vides,
1174 2639 1243 2687 uude
1252 2636 1343 2702 lepatus

220 2726 269 2775 iste
281 2725 392 2788 primum
404 2729 479 2772 natus
491 2723 530 2772 eit.
554 2722 638 2782 Quem
650 2731 679 2770 ut
690 2722 841 2782 habuerunt,
859 2738 954 2772 nomen
967 2724 1043 2772 etium
1056 2723 1078 2771 ei
1090 2721 1139 2771 suit
1149 2723 1342 2785 imponendum:

197 2844 200 2852 .
221 2823 283 2871 ergo
300 2808 413 2870 repetitis
430 2807 581 2869 quibusdam
597 2805 678 2856 literis
691 2807 760 2854 vonis
772 2821 897 2855 concussae
908 2808 1061 2857 addiderunt
1071 2805 1178 2856 Pondus.
1196 2807 1246 2856 Hie
1257 2815 1343 2856 sutem

221 2909 279 2943 sum
296 2884 376 2955 legati
386 2905 524 2959 personam
542 2892 685 2952 sustineret,
702 2905 754 2940 non
771 2898 874 2955 poterat
891 2893 940 2941 dici
949 2892 1070 2955 princeps,
1086 2892 1131 2940 sed
1145 2891 1269 2954 misnensis.
1292 2891 1342 2941 Hic

221 2994 323 3043 quoque
339 2979 442 3027 nomine
459 2976 622 3027 destinandus
639 2983 702 3036 erat,
720 2990 812 3039 nempe
831 2973 892 3026 Caii.
919 2979 953 3026 Et
969 2977 996 3025 hi
1013 2977 1121 3026 modesti
1138 2985 1236 3036 temen,
1253 2986 1343 3038 praeut

220 3063 272 3123 alii,
289 3069 315 3110 ut
330 3061 398 3126 uirpo
415 3060 513 3109 nominis
529 3059 622 3122 quidem
640 3060 709 3109 taciti
720 3060 815 3124 pontius
832 3060 922 3124 lepatus
931 3060 1054 3123 prinoeps3
1072 3059 1108 3108 sic
1121 3059 1188 3108 enim
1201 3059 1341 3119 Gudianus,

219 3150 323 3211 Menap.
335 3148 416 3196 Aead.
430 3154 455 3194 et
467 3161 500 3195 ex
512 3146 563 3194 alio
576 3147 609 3194 ad
621 3147 762 3207 marginem
774 3153 886 3206 notatur,
903 3159 1057 3208 quamquam
1069 3143 1169 3191 nominis
1180 3145 1247 3193 unde
1258 3152 1342 3194 ortum

219 3235 259 3294 sit,
272 3234 350 3293 vides,
360 3246 452 3294 nempe
464 3245 497 3280 ex
509 3246 537 3277 ne
549 3228 618 3278 minis
630 3245 676 3293 pro
689 3245 718 3277 ne
730 3229 812 3277 minos.
831 3231 869 3279 At
880 3238 909 3278 tu
917 3229 1030 3278 Plinium
1042 3229 1171 3291 scripsisse
1182 3236 1255 3290 puta:
1268 3226 1342 3278 Simi-

220 3317 274 3366 liter
285 3315 401 3375 Lanuvil,
418 3315 460 3364 ubi
469 3313 584 3364 Atalante
601 3323 623 3362 et
634 3313 728 3365 Helena
745 3313 848 3362 cominus
860 3309 941 3376 pictae
952 3321 1006 3361 sunt
1018 3311 1096 3361 nudae
1108 3311 1139 3360 ab
1151 3309 1229 3359 eodem
1241 3311 1341 3372 artefice,

219 3409 319 3463 unoque
339 3398 533 3447 excellentissima
546 3400 640 3462 somna,
660 3397 705 3446 sed
723 3397 802 3446 altero
817 3405 843 3446 ut
858 3398 934 3460 uirpo,
951 3413 979 3444 ne
994 3397 1065 3445 ruina
1082 3394 1174 3459 quidem
1191 3393 1272 3457 templi
1288 3411 1341 3443 con-

218 3501 307 3534 cussae.
334 3481 406 3532 Gaius
418 3483 530 3547 princeps
548 3482 627 3531 tollere
643 3498 684 3531 eas
700 3490 797 3530 conanus
809 3491 850 3542 est,
869 3479 966 3530 libidine
983 3497 1101 3541 aneensem,
1117 3479 1141 3528 si
1152 3478 1244 3529 tectorii
1253 3487 1342 3526 natura

217 3569 370 3634 permisisset.
390 3568 432 3618 sie
444 3577 469 3618 et
480 3569 621 3618 Pintianue.
1129 3562 1135 3578 ‘

288 3653 352 3704 One.
363 3653 410 3702 IV.
424 3651 460 3715 [7‚
471 3650 515 3714 22]
533 3651 581 3710 Qui
587 3651 699 3716 princeps
712 3649 816 3699 tabulam
825 3651 934 3714 picturae
944 3647 1045 3713 proelii]
1058 3651 1210 3700 Vossianus:
1222 3647 1341 3710 Dipnatio

219 3747 295 3787 autern
313 3737 448 3802 praecipua
465 3737 557 3786 Romae
573 3735 671 3786 increvit
686 3734 723 3797 (ut
740 3735 857 3798 existimo)
875 3752 891 3783 a
906 3736 946 3786 Μ’
964 3734 1061 3786 Valerio
1079 3732 1190 3782 Maximo
1207 3729 1342 3781 Messalla:

215 3826 327 3888 princeps
346 3822 449 3873 tabulam
463 3821 553 3886 pictum
568 3821 665 3885 praelii,
678 3829 725 3870 eto.
749 3822 813 3870 Tres
825 3821 869 3870 alii
882 3835 982 3883 quoque
993 3818 1033 3885 τῷ
1043 3819 1192 3883 pensarent:
1210 3819 1255 3867 sed
1268 3817 1342 3866 aliter

218 3919 355 3974 nugantur,
375 3908 533 3959 exhibendo:
560 3906 666 3955 mtimo
685 3904 776 3955 ualerio
796 3894 900 3954 marimo
919 3903 1013 3953 consule
1032 3919 1082 3952 eum
1102 3899 1206 3950 messala
1223 3900 1340 3965 princeps.

219 3998 319 4045 Eodem
331 3998 408 4045 modo
419 3996 539 4045 remeetur
548 4006 689 4057 pronomen
700 3993 728 4040 iu
739 3990 783 4039 illo
794 3990 875 4039 Taciti
889 3995 927 4039 11.
940 3990 1009 4042 Αιιιι.
1017 3995 1039 4038 6.
1053 3986 1217 4036 Meminissent
1228 3983 1253 4034 C.
1262 3983 1344 4032 Asinii

152 4108 155 4123 ι
218 4089 242 4127 et
253 4079 386 4128 Messallae
404 4095 433 4128 uc
449 4077 603 4128 recentiorum
615 4075 729 4124 Arruntii
739 4083 762 4123 et
772 4073 906 4123 Aesernini.
924 4072 959 4121 ad
968 4088 1061 4122 summa
1068 4079 1192 4136 prooestos
1204 4069 1342 4132 incorrupta

218 4163 269 4209 vita
285 4172 307 4210 et
315 4161 444 4224 facundia.
468 4164 520 4213 Ubi
535 4162 629 4212 frustm
646 4161 805 4209 subiecerant
819 4167 990 4221 provectorum.
1017 4157 1093 4207 Adde
1109 4155 1177 4206 inira
1191 4156 1236 4204 lib.
1253 4160 1294 4214 ³5,
1312 4160 1341 4203 14

219 4245 272 4309 [le
291 4245 359 4307 sset
