2918 4794
228 242 248 301 4

228 410 332 469 Patres
354 430 500 482 vocamus,
521 412 582 469 sive
601 413 674 470 iuris
690 411 847 484 Quiritium
862 411 1013 486 reliquias,
1036 413 1096 470 sive
1118 413 1274 471 medicinae
1293 433 1347 471 ex·

229 522 398 596 perimente,
420 522 483 577 sive
504 540 592 595 quam
611 521 789 596 philosophi,
815 522 957 592 historici,
979 530 1119 594 oratores,
1143 529 1256 597 poetae,
1276 523 1347 579 artis

227 630 396 688 memoriam
411 630 610 704 prodiderunt,
633 631 669 688 de
683 631 765 688 nullo
781 632 909 688 omnium
925 632 1073 704 dogmate,
1093 631 1176 688 nulla
1194 633 1346 703 relatione,

226 738 310 795 nulla
325 740 468 797 sententia
482 748 615 796 constare
630 747 735 814 potest,
759 740 813 798 nisi
827 741 979 798 lectionem
996 741 1098 797 viceris
1113 759 1176 798 esse
1191 740 1345 798 illibatam.

224 849 329 922 Neque
343 857 395 905 aut
408 849 481 906 fides
496 848 584 906 huius
600 849 642 904 rei
657 849 761 906 certior
781 857 833 906 aut
852 851 889 906 ad
909 849 1110 906 inveniendam
1131 851 1213 907 illam
1232 849 1347 925 planior

225 959 407 1014 coniecturae
422 958 479 1028 via,
496 976 585 1032 quam
600 958 811 1034 exemplarium
828 962 967 1034 vetustas.
990 959 1102 1032 Magna
1118 960 1190 1017 mihi
1205 961 1287 1035 copia
1301 968 1347 1018 est

224 1084 355 1137 narrare,
377 1075 518 1141 quantum
534 1086 571 1124 ex
586 1067 641 1124 hac
654 1069 766 1125 ratione
782 1086 882 1125 omnes
898 1069 1061 1124 studiorum
1076 1078 1174 1142 partes
1189 1069 1264 1127 inter
1277 1071 1346 1126 bina

224 1176 322 1235 secula
336 1177 530 1252 profecerint3
552 1184 624 1251 quot
642 1176 744 1234 foedos
767 1183 796 1233 et
810 1177 960 1252 pudendos
981 1195 1094 1234 errores
1116 1178 1163 1234 vel
1177 1178 1345 1254 opinionum

223 1288 271 1344 vel
285 1287 313 1344 in
329 1288 449 1345 dicendo
464 1287 665 1361 effugerimus3
687 1294 798 1360 quanto
817 1288 952 1361 puriores
967 1287 1122 1362 plerosque
1137 1306 1213 1344 nunc
1229 1288 1345 1362 sapien-

223 1397 282 1453 tiae
301 1395 397 1453 iontes
417 1396 601 1465 hauriamus;
628 1397 742 1468 quoties
762 1395 912 1453 irridiculo
934 1396 993 1452 sint
1014 1405 1043 1453 et
1061 1395 1185 1467 luerint,
1214 1396 1345 1469 quisine

224 1505 323 1562 critica
342 1523 405 1579 ope,
432 1504 488 1561 hoc
509 1513 564 1575 est,
591 1505 652 1561 sine
674 1504 780 1561 iudicio
801 1512 830 1559 et
849 1505 974 1576 delectu,
1001 1505 1064 1561 sine
1083 1514 1146 1562 arte
1167 1524 1201 1562 ac
1220 1507 1344 1576 ratione,

224 1621 355 1671 veterum
375 1615 483 1688 scripta
502 1615 665 1684 tractandi,
692 1613 917 1688 interpretandi,
944 1614 1093 1685 imitandi,
1114 1615 1287 1689 excerpendi
1308 1616 1344 1672 ad

223 1742 277 1780 sua
292 1725 461 1780 exornanda
482 1733 512 1780 et
530 1724 739 1793 confirmanda,
758 1723 787 1779 in
809 1723 883 1780 alias
903 1724 1019 1799 linguas
1041 1723 1242 1792 transferendi,
1266 1726 1344 1797 quod

224 1833 377 1890 minimum
392 1843 436 1890 est
450 1833 478 1890 in
497 1833 636 1890 familiari
658 1850 792 1890 sermone
808 1834 884 1890 diota
899 1842 950 1890 aut
964 1833 1125 1890 versiculos
1147 1833 1214 1889 inde
1234 1850 1345 1907 paucos

223 1942 380 1999 adhibendi
408 1943 454 1999 ius
481 1943 536 2000 sibi
560 1941 708 1999 fecerunt:
739 1960 827 2014 quam
856 1942 1001 1999 clausores
1027 1951 1056 1998 et
1081 1940 1269 1999 balathrones
1294 1942 1345 1998 imi

223 2052 302 2122 lecti,
319 2052 368 2125 qui
382 2070 436 2127 pro
451 2052 655 2126 paedagogicis
670 2050 741 2108 haec
756 2052 924 2120 traducunt,
943 2069 978 2106 ne
992 2050 1042 2107 imi
1055 2051 1172 2124 quidem
1188 2069 1219 2106 se
1233 2051 1344 2125 paeda-

224 2161 302 2236 gogii
319 2161 465 2218 subselliis
485 2161 600 2234 dignos,
620 2160 792 2217 vernaculos
808 2178 936 2229 scurras,
959 2177 1103 2232 verosque
1118 2158 1266 2217 Cumanos
1284 2160 1344 2217 asi·

223 2288 288 2341 nos,
305 2269 475 2345 simpliciter
489 2277 579 2343 atque
593 2278 693 2345 aperte
708 2270 898 2326 ostenderint.
921 2267 980 2327 Sed
995 2270 1049 2326 hos
1067 2270 1139 2326 satis
1153 2269 1253 2344 plectit
1265 2269 1345 2326 mala

221 2399 305 2438 mens
320 2389 417 2437 suaet
432 2379 539 2437 stolida
554 2379 779 2455 turpissimaque
799 2379 944 2436 barbariei
964 2388 1052 2452 atque
1070 2379 1252 2452 ignorantiae
1273 2396 1344 2435 een·

222 2491 327 2548 fessio:
354 2508 408 2547 nos
435 2499 577 2563 quantum
600 2489 656 2546 hae
680 2507 751 2545 cure
770 2489 873 2545 studiis
894 2496 923 2544 et
946 2488 1103 2545 nostriset
1124 2488 1248 2546 aliorum
1272 2505 1344 2562 pro-

223 2599 375 2668 fuerimus,
397 2599 515 2654 minime
536 2598 672 2671 poenitet.
706 2596 862 2654 Caeterum
884 2598 995 2654 amicus
1015 2607 1124 2667 noster,
1146 2615 1237 2671 quum
1256 2615 1345 2671 saepe

222 2709 329 2783 cupido
349 2706 430 2777 mihi,
452 2725 566 2780 semper
584 2706 730 2777 insatiata,
758 2713 918 2780 exponeret
939 2705 994 2762 hoc
1016 2724 1101 2762 suum
1120 2707 1213 2764 instar
1234 2707 1346 2763 librarii

224 2817 323 2894 prisci,
346 2836 398 2873 nec
420 2816 456 2872 de
475 2824 558 2890 parte
571 2815 722 2872 Historiae
736 2814 891 2872 Naturalis
906 2812 941 2872 C.
956 2814 1046 2872 Plinii
1062 2814 1187 2874 Secundi
1206 2815 1235 2872 in
1250 2834 1344 2872 mem-

224 2927 324 2983 branis
346 2927 393 2983 vel
413 2924 670 3000 praestantissimis
690 2943 736 2982 me
758 2925 883 2982 celatum
906 2925 1024 2983 habuit:
1048 2944 1173 2998 quarum
1193 2925 1344 2995 beneficio,

163 3046 210 3093 765
222 3036 328 3094 iunctis
354 3055 411 3093 non
436 3036 622 3110 indiligenter
643 3033 834 3092 Chiifletianis
857 3029 902 3113 (et
921 3037 976 3092 hae
995 3035 1070 3091 inter
1094 3044 1229 3092 exaratos
1255 3052 1344 3092 manu

223 3143 345 3217 Plinios,
367 3153 510 3220 quotquot
524 3145 621 3202 adhuc
635 3144 758 3202 collatos
773 3145 947 3219 accepimus,
969 3146 1031 3201 sine
1046 3144 1247 3201 controversia
1259 3142 1345 3201 fami·

221 3257 293 3314 liam
308 3251 434 3336 ducunt)
450 3275 559 3314 novum
575 3255 705 3312 habitum
721 3262 802 3312 tanto
823 3255 956 3328 scriptori
975 3254 1066 3324 indui,
1090 3253 1138 3311 vel
1159 3254 1256 3328 potius
1271 3253 1345 3310 anti·

222 3383 315 3440 quum
335 3372 364 3421 et
383 3383 480 3434 suum,
502 3374 580 3421 certe
602 3363 771 3420 similiorem
791 3381 855 3433 suo,
878 3364 960 3420 reddi
979 3381 1066 3438 posse
1086 3381 1146 3419 non
1164 3371 1275 3419 temere
1289 3361 1344 3419 ad·

222 3476 386 3531 severabat.
424 3471 510 3544 Quod
536 3492 603 3530 cum
628 3472 712 3529 facile
737 3490 941 3547 agnoscerem,
967 3472 1084 3529 incessit
1108 3471 1197 3529 libido
1223 3472 1345 3528 otiosius

223 3583 392 3658 inspiciendi
407 3590 517 3640 etcum
534 3582 659 3656 vulgatis
675 3583 864 3657 comparandi
883 3601 987 3657 pauca,
1011 3600 1086 3655 quae
1100 3582 1137 3638 ad
1156 3599 1214 3653 aes,
1236 3599 1344 3655 argen-

223 3703 297 3765 tum,
320 3712 425 3750 aurum
446 3693 591 3767 signatum
613 3692 767 3766 pertinent,
790 3692 893 3766 capita,
914 3711 973 3749 non
988 3693 1090 3766 paucis
1104 3691 1175 3748 locis
1190 3698 1345 3765 suspectae

222 3796 438 3861 obscuritatis.¹
464 3800 599 3875 Denique
629 3812 775 3860 annuente
805 3802 922 3859 domino
946 3802 1054 3858 librum
1079 3819 1193 3858 mecum
1218 3799 1327 3858 abstuli
1334 3817 1343 3868 3

223 3930 300 3985 quae
320 3913 467 3983 volebam,
489 3912 574 3986 exegi
581 3930 590 3981 ;
612 3922 641 3969 et
661 3913 837 3987 compluries
857 3913 888 3969 iu
908 3911 1014 3981 solum,
1036 3911 1115 3984 quod
1134 3911 1225 3981 aiunt,
1247 3909 1344 3967 venire

224 4028 312 4093 atque
327 4019 405 4076 ultro
421 4021 516 4092 obiici,
532 4022 590 4079 alia
604 4023 787 4079 mediocriter
800 4022 905 4080 artifici
918 4021 1025 4096 pollice
1040 4021 1104 4078 erui
1119 4038 1153 4078 ac
1168 4021 1246 4092 duci,
1269 4036 1345 4093 quae

222 4128 426 4204 multomagis
442 4130 520 4190 olere
534 4132 686 4191 lucernam
700 4118 899 4190 Veronensem
916 4131 1099 4201 videbantur,
1121 4149 1187 4188 sum
1207 4131 1344 4187 laetatus.
