2918 4794
468 322 573 365 morsu
589 322 632 362 An
647 321 729 363 uma.
745 321 850 362 xxxv.
867 321 985 361 xxxw.
1227 299 1285 362 107

168 491 225 538 que,
243 481 290 523 etc.
318 472 360 523 Sic
381 479 465 522 antem
485 474 575 532 nostri,
596 473 747 534 praesertim
768 473 887 535 optimus,
904 486 954 520 non
966 477 1068 529 secaret,
1086 483 1138 518 non
1158 485 1203 532 que
1223 485 1287 518 mar-

165 559 274 622 qaritas‚
295 572 361 622 quae
377 558 495 621 propinat
510 557 652 606 Pintianus.
676 556 785 605 Videtur
801 562 886 605 antem
903 555 1072 605 scribendum
1094 552 1158 616 quod
1172 551 1289 602 memoret

165 658 293 692 marmora.
709 647 714 653 '

202 726 237 789 [1,
251 725 278 789 3]
298 725 350 776 Sed
366 733 388 773 et
404 741 474 788 quam
491 724 541 772 sine
563 723 599 772 bre
619 723 743 772 multorum
757 724 839 788 suerit
855 723 944 772 beatior
961 721 1022 784 uita]
1049 724 1125 773 Voss.
1144 719 1236 769 uideam
1254 719 1289 768 ad

166 827 236 873 quum
257 810 317 858 sinet
333 809 369 858 lars
385 808 508 857 multorum
525 808 557 857 sit
572 807 652 856 uiator
667 808 718 856 uita
734 807 781 856 ista
793 807 876 870 fucere
892 808 972 855 uerius
985 807 1043 870 pati
1057 805 1168 855 mortales
1185 821 1242 867 quas
1258 804 1287 852 ob

166 911 229 944 usus.
248 895 336 944 Media
349 896 439 943 desunt
451 894 545 954 omnia,
557 900 593 954 ut,
607 891 641 941 ad
652 908 768 956 quamque
779 891 903 942 multorum
921 908 987 940 neces
998 891 1031 940 sit
1041 906 1144 953 recusem
1162 896 1216 940 tum
1229 890 1286 938 imo:

166 989 194 1029 ut
206 987 231 1028 et
242 971 270 1027 iri
281 978 392 1028 Pintiani
404 980 497 1029 codice
522 976 620 1028 Scribe:
637 976 722 1028 &mem
739 977 837 1040 quisque
853 976 945 1040 copitet,
963 992 1033 1039 quum
1047 976 1129 1040 pretia
1146 975 1227 1024 borum
1243 989 1286 1023 au-

168 1062 227 1125 diat,
241 1080 311 1126 quum
324 1063 379 1112 sebi
391 1062 500 1126 trahique
511 1062 582 1112 moles
593 1063 681 1125 uideat,
695 1079 765 1126 quam
777 1063 828 1110 aine
840 1061 876 1110 bes
887 1060 1011 1110 multarum
1023 1062 1055 1110 sit
1067 1060 1157 1110 beatior
1165 1058 1229 1108 vital
1239 1059 1288 1106 ista

167 1149 258 1209 fucere,
275 1147 353 1196 uerius
361 1147 423 1211 peti,
436 1146 553 1208 mortales,
567 1164 624 1211 quos
636 1149 664 1196 ob
676 1163 731 1196 usus
742 1163 829 1210 quasue
841 1144 971 1209 uoluptates
982 1144 1053 1205 olias,
1070 1143 1118 1192 nisi
1128 1152 1154 1192 ut
1165 1144 1225 1192 inter
1236 1158 1287 1190 ma-

166 1232 232 1280 culas
244 1230 350 1295 lapidum
362 1231 472 1280 iaceant?
488 1230 628 1293 Multorum,
641 1231 693 1280 τῶν
705 1227 822 1291 πολλῶν,
835 1231 912 1293 vulgi,
936 1231 1057 1291 Quamvis
1074 1229 1200 1278 interdum
1217 1228 1287 1277 dubi·

165 1317 261 1377 tabam,
273 1332 306 1366 an
317 1315 407 1366 fnisset
418 1324 539 1377 mutarum,
551 1331 643 1380 nempe
655 1317 828 1365 animantium.
838 1314 992 1378 Istasacere,
1004 1315 1053 1374 vel,
1066 1322 1095 1362 ut
1107 1312 1184 1361 uerius
1195 1315 1287 1378 dicam,

165 1401 226 1463 pati,
239 1401 336 1450 scilicet
347 1402 423 1449 ctiam
435 1401 527 1465 coquet,
537 1401 638 1451 nullum
647 1403 742 1451 bonum
756 1401 788 1451 ob
799 1416 881 1461 usum,
892 1401 935 1450 sed
947 1407 975 1448 nt
986 1400 1052 1448 inter
1061 1399 1173 1448 maculas
1186 1398 1287 1448 cubent.

166 1485 206 1532 De
219 1482 258 1550 τῷ
268 1486 345 1535 uerius
356 1486 414 1535 vide
427 1500 493 1548 quae
509 1495 628 1536 notamus
646 1489 678 1536 ad
689 1486 757 1536 Livii
768 1492 809 1548 21,
824 1491 862 1535 le.
875 1487 901 1534 in
912 1485 1054 1535 Addendis.
1077 1484 1108 1532 In
1127 1484 1192 1533 Gud.
1211 1484 1287 1532 etiam

167 1569 339 1632 Menapioque
351 1578 376 1619 et
387 1570 545 1620 Academico
558 1575 649 1621 desunt
659 1566 693 1620 τὰ
705 1568 796 1631 Sedet,
810 1579 864 1620 tum
876 1569 930 1619 imo.
973 1581 977 1587 ’

199 1653 263 1704 Cas.
275 1655 309 1705 II.
324 1653 360 1717 [1,
374 1652 400 1717 6]
419 1653 549 1703 Enimuero
564 1672 610 1705 nou
627 1656 676 1705 aiio
687 1654 766 1718 moda]
785 1656 855 1718 Lege
868 1670 926 1705 cum
938 1655 1071 1705 Vossian.:
1089 1652 1122 1702 Id
1137 1654 1212 1717 ipsum
1229 1657 1290 1700 curt
1341 1692 1345 1701 s

169 1745 214 1786 aut
225 1754 273 1800 qua
285 1739 362 1803 maqis
374 1739 415 1787 uia
431 1739 541 1802 inrepunt
556 1741 622 1801 uitia,
639 1757 709 1803 quarn
723 1739 839 1803 publicat
854 1756 900 1802 quo
917 1739 977 1787 enim
993 1738 1042 1787 alio
1059 1736 1127 1786 mmo
1143 1737 1167 1785 iu
1181 1737 1289 1800 priuatas

169 1839 224 1870 usus
236 1821 281 1870 illa
293 1839 375 1871 uenere
387 1823 465 1884 ebora,
478 1840 570 1885 aurum,
582 1831 704 1888 qernmaet
720 1824 763 1874 Sic
775 1833 801 1873 et
809 1824 921 1873 Pintiani
933 1824 989 1871 cod.

201 1904 289 1969 [Ibin]
313 1907 401 1958 Utilius
405 1909 494 1971 suerat
505 1925 576 1971 quam
590 1907 677 1970 tacere]
696 1910 772 1959 Voss.
790 1916 815 1958 et
826 1908 949 1958 Pintiani:
966 1904 1047 1955 utilius
1054 1907 1158 1968 fuerat?
1182 1904 1207 1953 Τ
1203 1921 1288 1953 acuere

167 1998 247 2038 tuntas
259 1991 330 2040 tuales
341 1992 365 2040 in
375 1992 497 2055 priuatum
511 1991 602 2041 domum
614 1992 680 2041 trabi
687 2001 785 2056 praeter
789 1992 884 2054 fictilia
893 1990 988 2040 deorum
992 1991 1108 2056 sastiqiu.
1127 1990 1208 2051 Quasi
1221 1991 1287 2038 diee-

167 2083 216 2124 ret:
234 2077 271 2126 At
283 2077 320 2125 illi
332 2084 448 2126 tacuere:
461 2079 510 2138 vel,
523 2080 637 2129 Tantum
646 2079 724 2139 abest,
738 2085 766 2126 ut
775 2078 888 2127 moribus
897 2079 1017 2134 cavennt,
1030 2084 1058 2126 ut
1070 2077 1146 2125 etiam
1155 2074 1287 2124 tacuerint.

166 2161 244 2208 Recte
256 2167 341 2211 autem
354 2170 380 2210 et
391 2163 466 2211 Voss.
473 2161 565 2226 fictilia
577 2160 672 2210 deorum
680 2163 794 2227 fastiqia.
812 2164 924 2223 Frustra,
938 2163 981 2227 qni
993 2159 1123 2210 mmulacra
1132 2156 1289 2222 autsastidia
1364 2210 1372 2217 ,

162 2244 303 2295 subiecere.
322 2246 365 2295 lib.
378 2252 419 2304 28,
433 2252 446 2293 2
461 2244 497 2307 [4,
512 2244 568 2308 lb]:
589 2244 646 2295 Cum
658 2245 817 2309 insustiqium
829 2245 930 2294 eiusdem
942 2244 1036 2294 delubri
1049 2251 1211 2308 praeparatae
1229 2258 1288 2306 qua-

166 2325 251 2391 driqae
268 2329 355 2392 fictiles
370 2328 395 2378 in
403 2317 507 2394 fornace
523 2331 655 2380 movissent.
673 2332 717 2380 lib.
730 2337 771 2392 35,
786 2336 816 2379 12
830 2328 883 2392 [43,
899 2328 973 2392 152]:
991 2330 1057 2381 Hinc
1073 2338 1096 2377 et
1104 2327 1215 2391 fastiqia
1233 2336 1288 2376 tem·

164 2410 258 2474 plorum
269 2422 330 2476 orta,
343 2422 442 2479 propter
457 2414 519 2464 buno
532 2414 628 2478 plastae
644 2413 767 2479 appellati.
786 2415 885 2463 Ibidem
899 2412 951 2476 [45‚
968 2412 1028 2476 157]
1039 2412 1131 2475 fictiles
1148 2412 1173 2460 in
1182 2412 1288 2476 sostiqio

167 2495 248 2559 templi
258 2498 307 2546 eius
318 2497 457 2564 quadripes.

202 2580 266 2630 (tm.
280 2583 327 2632 ΠΙ.
342 2581 378 2645 [3,
393 2582 419 2646 1]
442 2584 582 2649 Obrepsisse
591 2583 692 2648 quadam
705 2585 769 2634 uitae
780 2581 924 2645 rudimenta]
943 2585 1004 2645 Alii,
1017 2583 1059 2644 uti,
1072 2582 1287 2646 quemadmodum

167 2674 192 2714 et
209 2667 389 2729 Academicus,
407 2671 475 2719 Men.
495 2670 683 2734 Gudianusqne.
707 2672 782 2720 Voss.
799 2668 850 2719 uiti.
872 2670 944 2730 Lege
961 2666 1061 2731 quodam
1077 2667 1130 2716 uitii
1150 2665 1287 2715 rudimenta.

167 2751 250 2800 Tenui
267 2759 293 2801 et
308 2753 392 2802 minus
409 2755 583 2806 animadverso
595 2757 728 2821 principio.
746 2756 847 2805 Deinde
856 2756 931 2805 Voss.
941 2752 994 2802 Iam
1006 2752 1038 2803 L.
1051 2749 1162 2802 &aarum
1171 2759 1288 2800 oratorem

166 2833 240 2896 illum,
254 2836 308 2884 sine
321 2833 361 2900 τῷ
371 2837 439 2885 enim.

202 2917 238 2979 [3‚
252 2916 279 2978 8]
302 2916 351 2974 Qui
360 2934 403 2966 nas
414 2918 546 2981 sequentur,
562 2920 669 2970 meliores
681 2939 722 2970 noe
738 2921 798 2983 esse]
815 2924 928 2972 Pintiani
945 2926 1035 2983 codex,
1052 2921 1159 2970 Haeret
1175 2935 1237 2982 quae
1252 2935 1288 2968 se·

167 3010 271 3065 quuntur
286 3017 317 3051 m.
331 3017 381 3049 esse
396 3017 438 3050 nos
449 3003 590 3065 probabunt:
602 3006 664 3068 ipse,
676 3003 758 3066 Ecqui
767 3013 898 3066 sequentur.
917 3006 992 3054 Voss.
1008 3004 1079 3053 Haeo
1090 3012 1117 3052 at
1126 3020 1170 3067 que
1181 3010 1288 3051 secuntur

167 3105 196 3137 m.
210 3104 229 3137 e.
242 3104 265 3137 n.
280 3104 322 3151 pr.
339 3086 424 3148 Lege:
436 3084 488 3136 Sed
499 3094 521 3134 et
532 3087 574 3149 qui
584 3095 718 3149 sequeretur,
730 3072 836 3135 meliores
847 3103 897 3135 esse
908 3104 951 3136 nos
959 3087 1100 3150 probabunt.

200 3171 263 3222 Ona.
277 3170 324 3220 IV.
339 3169 375 3232 [4,
391 3169 433 3232 10]
453 3170 568 3219 Protinus
581 3170 791 3236 Sicyoniosfames
804 3170 903 3232 inuasit]
922 3173 1000 3221 Voss.
1013 3169 1145 3235 Sicyonem.

200 3256 264 3307 Osa.
277 3257 311 3306 V.
325 3254 362 3318 [4,
377 3253 420 3318 12]
439 3254 496 3305 Nan
508 3255 592 3304 vitibus
604 3263 694 3304 tantum
704 3256 794 3305 censeri
804 3254 897 3333 Obiqm]
916 3244 992 3306 Voss.
1006 3253 1072 3316 Cion,
1087 3256 1136 3304 hoc
1146 3261 1192 3315 est,
1207 3252 1287 3303 Chiam

168 3341 209 3391 Sic
222 3341 290 3391 infra
300 3340 409 3391 Phidian
423 3340 520 3390 tradunt
531 3350 557 3390 et
568 3339 676 3390 Pbidian
688 3339 852 3404 clarissimum,
865 3350 894 3391 ut
906 3349 931 3391 et
944 3341 995 3390 alii.

202 3423 237 3487 [4,
253 3423 295 3487 16]
314 3425 473 3490 Aparasritus
484 3426 585 3488 Parius,
597 3427 620 3475 ei
631 3433 710 3474 aetate
720 3425 818 3491 pratus]
841 3426 982 3490 Significat,
1000 3425 1068 3489 quod
1081 3425 1167 3475 multis
1179 3423 1228 3473 fnit
1238 3423 1288 3473 Al·

168 3510 285 3571 cibiades,
299 3512 331 3560 de
343 3527 393 3575 quo
406 3511 540 3562 Cornelius
552 3511 640 3573 Nepos
654 3509 690 3573 [2,
704 3508 744 3572 3];
762 3510 854 3559 ineunte
869 3509 1028 3559 adolescentia
1045 3517 1139 3559 amatus
1156 3516 1190 3558 est
1201 3524 1218 3556 a
1229 3507 1288 3556 mui-

169 3593 198 3640 tis
210 3609 274 3642 more
289 3594 442 3646 Graecorum.
461 3597 511 3646 Sed
524 3598 572 3646 hos
584 3610 660 3659 saepe
673 3594 743 3659 diliqi
756 3595 854 3659 turpius,
867 3611 939 3658 quam
947 3610 997 3658 pur
1008 3601 1068 3655 erut,
1080 3595 1197 3644 homines
1210 3592 1288 3656 laqua-

169 3678 261 3740 bantur‚
279 3687 308 3728 ut
324 3681 391 3730 idem
408 3681 494 3744 Nepos
512 3682 538 3729 in
556 3679 702 3730 Hamilcare
716 3678 752 3741 [3,
766 3677 802 3741 3]
826 3679 867 3730 Sic
882 3680 970 3729 Livius
982 3680 1025 3729 lib.
1039 3685 1068 3728 st
1084 3676 1120 3741 [3,
1134 3676 1175 3739 4]:
1192 3675 1289 3727 Florem

168 3762 263 3823 aetatis,
275 3762 353 3826 inquit
362 3762 511 3825 Hasdrubal,
525 3773 572 3815 ete.
596 3765 803 3816 sucronemne
820 3763 980 3813 haereditates
995 3763 1076 3826 afficio
1088 3762 1288 3811 aetatiaextorse-
1302 3769 1350 3813 842

167 3852 208 3892 rat
228 3847 295 3910 apud
316 3849 464 3898 Petronium
485 3847 555 3910 [140.
578 3847 654 3910 init.].
686 3850 762 3899 Dotes
774 3849 873 3912 formae
890 3849 1053 3914 pueritiaeque
1072 3856 1148 3897 vocat
1168 3847 1287 3897 Iustinus.

169 3930 289 3994 Optanda
301 3933 341 3982 isti
353 3947 417 3982 aevo
429 3934 576 3997 simplicitas
588 3935 674 3998 magni
686 3935 742 3995 viri,
756 3935 800 3997 qui
812 3936 926 3999 corrigit:
943 3951 992 3998 par
1003 3934 1026 3982 ei
1036 3941 1096 3995 arte,
1109 3930 1153 3982 aed
1162 3939 1253 3997 pratus.

203 4013 240 4077 [4,
256 4014 299 4077 17]
320 4015 444 4066 Certavere
456 4026 532 4067 autem
545 4019 606 4067 inter
617 4035 642 4067 se
653 4020 723 4068 ambo
735 4018 848 4083 discipuli
863 4019 888 4068 iu
907 4020 995 4070 Venere
1003 4016 1136 4082 socienda]
1155 4019 1288 4081 Praeposi-

167 4102 235 4150 tione
254 4109 323 4151 caret
337 4104 486 4153 Vossianus.
504 4104 538 4154 Et
555 4110 635 4166 genna
651 4105 774 4168 loquendi
786 4105 934 4154 Tullianum
948 4112 987 4155 est
1006 4101 1222 4166 Venerefacr‘emla
1242 4118 1288 4166 pro

175 4183 286 4232 Venerem
296 4185 422 4249 faciendo.
440 4189 608 4240 Restituimus
620 4198 646 4240 et
656 4190 730 4239 Livio
744 4188 797 4251 [42,
812 4195 834 4250 5,
850 4187 885 4251 6]
