<?xml version="1.0" encoding="UTF-8"?>
<!DOCTYPE html PUBLIC "-//W3C//DTD XHTML 1.0 Transitional//EN"
    "http://www.w3.org/TR/xhtml1/DTD/xhtml1-transitional.dtd">
<html xmlns="http://www.w3.org/1999/xhtml" xml:lang="en" lang="en">
 <head>
  <title>
</title>
<meta http-equiv="Content-Type" content="text/html;charset=utf-8" />
  <meta name='ocr-system' content='tesseract 3.04.00' />
  <meta name='ocr-capabilities' content='ocr_page ocr_carea ocr_par ocr_line ocrx_word'/>
</head>
<body>
  <div class='ocr_page' id='page_1' title='image "./cplinisecundina14plingoog_0347.png"; bbox 0 0 2918 4794; ppageno 0'>
   <div class='ocr_carea' id='block_1_1' title="bbox 167 285 802 348">
    <p class='ocr_par' dir='ltr' id='par_1_1' title="bbox 167 285 802 348">
     <span class='ocr_line' id='line_1_1' title="bbox 167 285 802 348; baseline -0.002 -1"><span class='ocrx_word' id='word_1_1' title='bbox 167 285 209 348; x_wconf 83' lang='lat'><em>30</em></span> <span class='ocrx_word' id='word_1_2' title='bbox 660 305 802 348; x_wconf 72' lang='lat' dir='ltr'><em>onorem</em></span> 
     </span>
    </p>
   </div>
   <div class='ocr_carea' id='block_1_2' title="bbox 56 452 1384 2380">
    <p class='ocr_par' dir='ltr' id='par_1_2' title="bbox 164 452 1384 942">
     <span class='ocr_line' id='line_1_2' title="bbox 167 452 1291 519; baseline 0.002 -13"><span class='ocrx_word' id='word_1_3' title='bbox 167 458 271 508; x_wconf 84' lang='lat' dir='ltr'><em>malum.</em></span> <span class='ocrx_word' id='word_1_4' title='bbox 299 458 357 507; x_wconf 87' lang='lat' dir='ltr'><em>Hoc</em></span> <span class='ocrx_word' id='word_1_5' title='bbox 374 454 481 519; x_wconf 74' lang='lat' dir='ltr'><em>[potitust</em></span> <span class='ocrx_word' id='word_1_6' title='bbox 500 452 626 518; x_wconf 79' lang='lat' dir='ltr'><strong>sequenti]</strong></span> <span class='ocrx_word' id='word_1_7' title='bbox 645 455 689 504; x_wconf 90' lang='lat' dir='ltr'><em>lib.</em></span> <span class='ocrx_word' id='word_1_8' title='bbox 702 471 723 505; x_wconf 87' lang='lat' dir='ltr'><em>c.</em></span> <span class='ocrx_word' id='word_1_9' title='bbox 737 462 769 506; x_wconf 80' lang='lat'><em>25</em></span> <span class='ocrx_word' id='word_1_10' title='bbox 786 454 838 518; x_wconf 83' lang='lat'>[66‚</span> <span class='ocrx_word' id='word_1_11' title='bbox 854 454 926 517; x_wconf 77' lang='lat' dir='ltr'><em>lue]:</em></span> <span class='ocrx_word' id='word_1_12' title='bbox 947 457 1042 514; x_wconf 74' lang='lat' dir='ltr'><em>Quanto</em></span> <span class='ocrx_word' id='word_1_13' title='bbox 1054 457 1198 508; x_wconf 72' lang='lat' dir='ltr'><em>mnocsntiar</em></span> <span class='ocrx_word' id='word_1_14' title='bbox 1208 458 1291 509; x_wconf 72' lang='lat' dir='ltr'><em>alica?</em></span> 
     </span>
     <span class='ocr_line' id='line_1_3' title="bbox 166 538 1286 605; baseline 0.001 -12"><span class='ocrx_word' id='word_1_15' title='bbox 166 545 208 593; x_wconf 87' lang='lat' dir='ltr'><em>lib.</em></span> <span class='ocrx_word' id='word_1_16' title='bbox 226 549 267 602; x_wconf 71' lang='lat'><em>28,</em></span> <span class='ocrx_word' id='word_1_17' title='bbox 287 549 297 591; x_wconf 91' lang='lat' dir='ltr'><em>l</em></span> <span class='ocrx_word' id='word_1_18' title='bbox 319 539 355 604; x_wconf 75' lang='lat' dir='ltr'><em>[i,</em></span> <span class='ocrx_word' id='word_1_19' title='bbox 373 539 413 602; x_wconf 83' lang='lat'><em>6]:</em></span> <span class='ocrx_word' id='word_1_20' title='bbox 444 539 504 597; x_wconf 76' lang='lat' dir='ltr'><em>Quis</em></span> <span class='ocrx_word' id='word_1_21' title='bbox 521 538 634 602; x_wconf 79' lang='lat' dir='ltr'><em>veneficia</em></span> <span class='ocrx_word' id='word_1_22' title='bbox 651 540 811 589; x_wconf 78' lang='lat' dir='ltr'><em>innocentiora</em></span> <span class='ocrx_word' id='word_1_23' title='bbox 823 540 899 605; x_wconf 87' lang='lat' dir='ltr'><em>fecit,</em></span> <span class='ocrx_word' id='word_1_24' title='bbox 921 557 991 605; x_wconf 85' lang='lat' dir='ltr'><em>quam</em></span> <span class='ocrx_word' id='word_1_25' title='bbox 1007 541 1129 593; x_wconf 80' lang='lat' dir='ltr'><em>remediat</em></span> <span class='ocrx_word' id='word_1_26' title='bbox 1153 544 1197 593; x_wconf 90' lang='lat' dir='ltr'><em>lib.</em></span> <span class='ocrx_word' id='word_1_27' title='bbox 1216 548 1257 605; x_wconf 78' lang='lat'><em>29,</em></span> <span class='ocrx_word' id='word_1_28' title='bbox 1276 550 1286 595; x_wconf 88' lang='lat' dir='ltr'><em>i</em></span> 
     </span>
     <span class='ocr_line' id='line_1_4' title="bbox 166 620 1384 692; baseline 0.001 -13"><span class='ocrx_word' id='word_1_29' title='bbox 166 627 202 691; x_wconf 84' lang='grc'><em>[8,</em></span> <span class='ocrx_word' id='word_1_30' title='bbox 216 625 272 688; x_wconf 76' lang='lat'><strong>26]:</strong></span> <span class='ocrx_word' id='word_1_31' title='bbox 294 624 345 674; x_wconf 86' lang='lat' dir='ltr'><em>Illa</em></span> <span class='ocrx_word' id='word_1_32' title='bbox 355 633 443 686; x_wconf 87' lang='lat' dir='ltr'><em>autem,</em></span> <span class='ocrx_word' id='word_1_33' title='bbox 459 639 521 686; x_wconf 84' lang='lat' dir='ltr'><em>quae</em></span> <span class='ocrx_word' id='word_1_34' title='bbox 534 623 610 671; x_wconf 70' lang='lat' dir='ltr'><em>docuit</em></span> <span class='ocrx_word' id='word_1_35' title='bbox 624 620 683 673; x_wconf 77' lang='lat' dir='ltr'><em>Cato</em></span> <span class='ocrx_word' id='word_1_36' title='bbox 694 632 764 687; x_wconf 84' lang='lat' dir='ltr'><em>atque</em></span> <span class='ocrx_word' id='word_1_37' title='bbox 779 623 895 688; x_wconf 82' lang='lat' dir='ltr'><em>prouidit,</em></span> <span class='ocrx_word' id='word_1_38' title='bbox 913 625 1074 676; x_wconf 75' lang='lat' dir='ltr'><em>innocentiora</em></span> <span class='ocrx_word' id='word_1_39' title='bbox 1089 626 1161 676; x_wconf 82' lang='lat' dir='ltr'><em>multo</em></span> <span class='ocrx_word' id='word_1_40' title='bbox 1177 636 1201 676; x_wconf 83' lang='lat' dir='ltr'><em>et</em></span> <span class='ocrx_word' id='word_1_41' title='bbox 1208 643 1291 692; x_wconf 81' lang='lat' dir='ltr'><em>parua</em></span> <span class='ocrx_word' id='word_1_42' title='bbox 1381 660 1384 680; x_wconf 90' lang='lat' dir='ltr'><em>t</em></span> 
     </span>
     <span class='ocr_line' id='line_1_5' title="bbox 165 708 1289 775; baseline 0 -14"><span class='ocrx_word' id='word_1_43' title='bbox 165 713 269 775; x_wconf 78' lang='lat' dir='ltr'><em>opinata.</em></span> <span class='ocrx_word' id='word_1_44' title='bbox 296 711 362 759; x_wconf 86' lang='lat' dir='ltr'><em>Dein</em></span> <span class='ocrx_word' id='word_1_45' title='bbox 381 709 517 772; x_wconf 84' lang='lat' dir='ltr'><em>legendnm</em></span> <span class='ocrx_word' id='word_1_46' title='bbox 538 709 648 759; x_wconf 83' lang='lat' dir='ltr'><em>videtur:</em></span> <span class='ocrx_word' id='word_1_47' title='bbox 674 708 761 772; x_wconf 80' lang='lat' dir='ltr'><em>quippe</em></span> <span class='ocrx_word' id='word_1_48' title='bbox 780 717 976 772; x_wconf 86' lang='lat' dir='ltr'><em>praesentaneum</em></span> <span class='ocrx_word' id='word_1_49' title='bbox 992 709 1119 760; x_wconf 82' lang='lat' dir='ltr'><em>remedium</em></span> <span class='ocrx_word' id='word_1_50' title='bbox 1135 711 1171 760; x_wconf 90' lang='lat' dir='ltr'><em>ad</em></span> <span class='ocrx_word' id='word_1_51' title='bbox 1186 710 1289 761; x_wconf 71' lang='lat' dir='ltr'><em>denham</em></span> 
     </span>
     <span class='ocr_line' id='line_1_6' title="bbox 164 791 1290 858; baseline 0.001 -15"><span class='ocrx_word' id='word_1_52' title='bbox 164 795 260 845; x_wconf 72' lang='lat' dir='ltr'><em>vitabiles</em></span> <span class='ocrx_word' id='word_1_53' title='bbox 267 792 413 856; x_wconf 83' lang='lat' dir='ltr'><em>firmandos,</em></span> <span class='ocrx_word' id='word_1_54' title='bbox 433 793 455 842; x_wconf 88' lang='lat' dir='ltr'><em>si</em></span> <span class='ocrx_word' id='word_1_55' title='bbox 466 791 620 842; x_wconf 89' lang='lat' dir='ltr'><em>colluerentur</em></span> <span class='ocrx_word' id='word_1_56' title='bbox 631 792 769 842; x_wconf 75' lang='lat' dir='ltr'><em>halicacabo</em></span> <span class='ocrx_word' id='word_1_57' title='bbox 780 810 794 842; x_wconf 90' lang='lat' dir='ltr'><em>e</em></span> <span class='ocrx_word' id='word_1_58' title='bbox 805 794 866 844; x_wconf 84' lang='lat' dir='ltr'><em>vino.</em></span> <span class='ocrx_word' id='word_1_59' title='bbox 884 794 1040 858; x_wconf 83' lang='lat' dir='ltr'><em>acceptionem</em></span> <span class='ocrx_word' id='word_1_60' title='bbox 1057 795 1179 858; x_wconf 88' lang='lat' dir='ltr'><em>addidere,</em></span> <span class='ocrx_word' id='word_1_61' title='bbox 1197 812 1225 845; x_wconf 87' lang='lat' dir='ltr'><em>ne</em></span> <span class='ocrx_word' id='word_1_62' title='bbox 1237 794 1290 845; x_wconf 82' lang='lat' dir='ltr'><em>diu·</em></span> 
     </span>
     <span class='ocr_line' id='line_1_7' title="bbox 165 876 1224 942; baseline -0.001 -12"><span class='ocrx_word' id='word_1_63' title='bbox 165 882 211 930; x_wconf 84' lang='lat' dir='ltr'><em>tius</em></span> <span class='ocrx_word' id='word_1_64' title='bbox 223 878 250 930; x_wconf 89' lang='lat' dir='ltr'><em>id</em></span> <span class='ocrx_word' id='word_1_65' title='bbox 256 879 336 942; x_wconf 81' lang='lat' dir='ltr'><em>fieret.</em></span> <span class='ocrx_word' id='word_1_66' title='bbox 358 879 425 929; x_wconf 85' lang='lat' dir='ltr'><em>Nam</em></span> <span class='ocrx_word' id='word_1_67' title='bbox 435 879 511 928; x_wconf 86' lang='lat' dir='ltr'><em>Voss.</em></span> <span class='ocrx_word' id='word_1_68' title='bbox 525 877 703 928; x_wconf 85' lang='lat' dir='ltr'><em>hauecaccaban</em></span> <span class='ocrx_word' id='word_1_69' title='bbox 716 877 770 926; x_wconf 87' lang='lat' dir='ltr'><em>uino</em></span> <span class='ocrx_word' id='word_1_70' title='bbox 782 876 879 942; x_wconf 78' lang='lat' dir='ltr'><em>excepit.</em></span> <span class='ocrx_word' id='word_1_71' title='bbox 897 879 979 930; x_wconf 88' lang='lat' dir='ltr'><em>Acad.</em></span> <span class='ocrx_word' id='word_1_72' title='bbox 992 879 1038 931; x_wconf 84' lang='lat' dir='ltr'><em>alii</em></span> <span class='ocrx_word' id='word_1_73' title='bbox 1048 881 1152 930; x_wconf 82' lang='lat' dir='ltr'><em>caoahon</em></span> <span class='ocrx_word' id='word_1_74' title='bbox 1163 881 1224 930; x_wconf 85' lang='lat' dir='ltr'><em>uino.</em></span> 
     </span>
    </p>

    <p class='ocr_par' dir='ltr' id='par_1_3' title="bbox 160 961 1354 2128">
     <span class='ocr_line' id='line_1_8' title="bbox 198 961 1289 1029; baseline -0.002 -13"><span class='ocrx_word' id='word_1_75' title='bbox 198 965 269 1029; x_wconf 83' lang='lat'><em>[105,</em></span> <span class='ocrx_word' id='word_1_76' title='bbox 281 962 340 1026; x_wconf 82' lang='lat'>180]</span> <span class='ocrx_word' id='word_1_77' title='bbox 359 961 532 1018; x_wconf 84' lang='lat' dir='ltr'><em>Delirationem</em></span> <span class='ocrx_word' id='word_1_78' title='bbox 544 961 605 1011; x_wconf 87' lang='lat' dir='ltr'><em>enim</em></span> <span class='ocrx_word' id='word_1_79' title='bbox 616 961 685 1027; x_wconf 74' lang='lat' dir='ltr'><em>yiqni</em></span> <span class='ocrx_word' id='word_1_80' title='bbox 695 980 729 1011; x_wconf 83' lang='lat' dir='ltr'><em>eo.</em></span> <span class='ocrx_word' id='word_1_81' title='bbox 748 962 800 1012; x_wconf 89' lang='lat' dir='ltr'><em>Nec</em></span> <span class='ocrx_word' id='word_1_82' title='bbox 812 961 1008 1026; x_wconf 86' lang='lat' dir='ltr'><em>demonstranda]</em></span> <span class='ocrx_word' id='word_1_83' title='bbox 1026 967 1160 1016; x_wconf 79' lang='lat' dir='ltr'><em>Pinianus</em></span> <span class='ocrx_word' id='word_1_84' title='bbox 1171 966 1289 1014; x_wconf 85' lang='lat' dir='ltr'><em>luxatum</em></span> 
     </span>
     <span class='ocr_line' id='line_1_9' title="bbox 163 1046 1288 1113; baseline -0.003 -13"><span class='ocrx_word' id='word_1_85' title='bbox 163 1066 219 1102; x_wconf 88' lang='lat' dir='ltr'><em>esse</em></span> <span class='ocrx_word' id='word_1_86' title='bbox 236 1050 350 1099; x_wconf 85' lang='lat' dir='ltr'><em>ordinem</em></span> <span class='ocrx_word' id='word_1_87' title='bbox 367 1050 503 1098; x_wconf 83' lang='lat' dir='ltr'><em>verborum</em></span> <span class='ocrx_word' id='word_1_88' title='bbox 515 1056 607 1109; x_wconf 88' lang='lat' dir='ltr'><em>censet,</em></span> <span class='ocrx_word' id='word_1_89' title='bbox 626 1049 761 1111; x_wconf 79' lang='lat' dir='ltr'><em>scribitque</em></span> <span class='ocrx_word' id='word_1_90' title='bbox 773 1046 933 1097; x_wconf 83' lang='lat' dir='ltr'><em>delirationem</em></span> <span class='ocrx_word' id='word_1_91' title='bbox 945 1049 1020 1113; x_wconf 75' lang='lat' dir='ltr'><em>yipni.</em></span> <span class='ocrx_word' id='word_1_92' title='bbox 1039 1049 1182 1112; x_wconf 83' lang='lat' dir='ltr'><em>nequeenim</em></span> <span class='ocrx_word' id='word_1_93' title='bbox 1194 1047 1288 1098; x_wconf 83' lang='lat' dir='ltr'><em>demon-</em></span> 
     </span>
     <span class='ocr_line' id='line_1_10' title="bbox 163 1129 1288 1198; baseline -0.002 -16"><span class='ocrx_word' id='word_1_94' title='bbox 163 1133 271 1184; x_wconf 82' lang='lat' dir='ltr'><em>stranda.</em></span> <span class='ocrx_word' id='word_1_95' title='bbox 289 1135 366 1185; x_wconf 89' lang='lat' dir='ltr'><em>Voss.</em></span> <span class='ocrx_word' id='word_1_96' title='bbox 384 1141 409 1183; x_wconf 88' lang='lat' dir='ltr'><em>et</em></span> <span class='ocrx_word' id='word_1_97' title='bbox 425 1133 505 1183; x_wconf 81' lang='lat' dir='ltr'><em>Aced.</em></span> <span class='ocrx_word' id='word_1_98' title='bbox 524 1134 643 1196; x_wconf 81' lang='lat' dir='ltr'><em>ignorant</em></span> <span class='ocrx_word' id='word_1_99' title='bbox 660 1129 690 1181; x_wconf 82' lang='grc' dir='ltr'><em>τὸ</em></span> <span class='ocrx_word' id='word_1_100' title='bbox 705 1130 764 1182; x_wconf 87' lang='lat' dir='ltr'><em>Nec.</em></span> <span class='ocrx_word' id='word_1_101' title='bbox 788 1132 888 1182; x_wconf 84' lang='lat' dir='ltr'><em>Scribe:</em></span> <span class='ocrx_word' id='word_1_102' title='bbox 907 1129 1068 1182; x_wconf 78' lang='lat' dir='ltr'><em>delirationem</em></span> <span class='ocrx_word' id='word_1_103' title='bbox 1084 1133 1146 1182; x_wconf 82' lang='lat' dir='ltr'><em>enim</em></span> <span class='ocrx_word' id='word_1_104' title='bbox 1156 1132 1229 1198; x_wconf 69' lang='lat' dir='ltr'><em>pioni</em></span> <span class='ocrx_word' id='word_1_105' title='bbox 1248 1130 1288 1180; x_wconf 87' lang='lat' dir='ltr'><em>En</em></span> 
     </span>
     <span class='ocr_line' id='line_1_11' title="bbox 164 1215 1354 1281; baseline -0.001 -13"><span class='ocrx_word' id='word_1_106' title='bbox 164 1217 349 1268; x_wconf 87' lang='lat' dir='ltr'><em>demonstranda</em></span> <span class='ocrx_word' id='word_1_107' title='bbox 365 1216 481 1279; x_wconf 78' lang='lat' dir='ltr'><em>ranedia,</em></span> <span class='ocrx_word' id='word_1_108' title='bbox 503 1233 600 1280; x_wconf 84' lang='lat' dir='ltr'><em>quorum</em></span> <span class='ocrx_word' id='word_1_109' title='bbox 621 1215 738 1266; x_wconf 90' lang='lat' dir='ltr'><em>medicina</em></span> <span class='ocrx_word' id='word_1_110' title='bbox 758 1216 863 1265; x_wconf 86' lang='lat' dir='ltr'><em>maioris·</em></span> <span class='ocrx_word' id='word_1_111' title='bbox 878 1216 938 1266; x_wconf 86' lang='lat' dir='ltr'><em>mali</em></span> <span class='ocrx_word' id='word_1_112' title='bbox 953 1216 1083 1281; x_wconf 85' lang='lat' dir='ltr'><em>periculum</em></span> <span class='ocrx_word' id='word_1_113' title='bbox 1104 1216 1217 1280; x_wconf 83' lang='lat' dir='ltr'><em>adferat!</em></span> <span class='ocrx_word' id='word_1_114' title='bbox 1239 1218 1289 1267; x_wconf 89' lang='lat' dir='ltr'><em>Per</em></span> <span class='ocrx_word' id='word_1_115' title='bbox 1351 1231 1354 1234; x_wconf 74' lang='grc'><strong>’</strong></span> 
     </span>
     <span class='ocr_line' id='line_1_12' title="bbox 164 1301 1287 1366; baseline -0.005 -12"><span class='ocrx_word' id='word_1_116' title='bbox 164 1306 268 1364; x_wconf 86' lang='lat' dir='ltr'><em>ironiun,</em></span> <span class='ocrx_word' id='word_1_117' title='bbox 287 1319 364 1366; x_wconf 88' lang='lat' dir='ltr'><em>quam</em></span> <span class='ocrx_word' id='word_1_118' title='bbox 380 1304 513 1352; x_wconf 83' lang='lat' dir='ltr'><em>continuat</em></span> <span class='ocrx_word' id='word_1_119' title='bbox 534 1303 611 1350; x_wconf 87' lang='lat' dir='ltr'><em>etiam</em></span> <span class='ocrx_word' id='word_1_120' title='bbox 630 1303 656 1350; x_wconf 90' lang='lat' dir='ltr'><em>in</em></span> <span class='ocrx_word' id='word_1_121' title='bbox 679 1301 855 1364; x_wconf 89' lang='lat' dir='ltr'><em>sequentibus,</em></span> <span class='ocrx_word' id='word_1_122' title='bbox 882 1303 929 1352; x_wconf 89' lang='lat' dir='ltr'><em>etsi</em></span> <span class='ocrx_word' id='word_1_123' title='bbox 946 1303 1024 1365; x_wconf 84' lang='lat' dir='ltr'><em>vulgo</em></span> <span class='ocrx_word' id='word_1_124' title='bbox 1042 1304 1068 1354; x_wconf 88' lang='lat' dir='ltr'><em>id</em></span> <span class='ocrx_word' id='word_1_125' title='bbox 1088 1318 1142 1352; x_wconf 91' lang='lat' dir='ltr'><em>non</em></span> <span class='ocrx_word' id='word_1_126' title='bbox 1160 1307 1287 1366; x_wconf 79' lang='lat' dir='ltr'><em>apparent</em></span> 
     </span>
     <span class='ocr_line' id='line_1_13' title="bbox 163 1382 1287 1451; baseline -0.004 -13"><span class='ocrx_word' id='word_1_127' title='bbox 163 1390 207 1439; x_wconf 88' lang='lat' dir='ltr'><em>Sic</em></span> <span class='ocrx_word' id='word_1_128' title='bbox 224 1396 309 1438; x_wconf 89' lang='lat' dir='ltr'><em>autem</em></span> <span class='ocrx_word' id='word_1_129' title='bbox 324 1388 414 1437; x_wconf 78' lang='lat' dir='ltr'><em>solunt</em></span> <span class='ocrx_word' id='word_1_130' title='bbox 431 1387 528 1450; x_wconf 89' lang='lat' dir='ltr'><em>scripti:</em></span> <span class='ocrx_word' id='word_1_131' title='bbox 554 1382 730 1435; x_wconf 77' lang='lat' dir='ltr'><em>Commendatio</em></span> <span class='ocrx_word' id='word_1_132' title='bbox 747 1401 803 1449; x_wconf 73' lang='lat' dir='ltr'><em>erpa</em></span> <span class='ocrx_word' id='word_1_133' title='bbox 818 1385 877 1434; x_wconf 86' lang='lat' dir='ltr'><em>cibis</em></span> <span class='ocrx_word' id='word_1_134' title='bbox 895 1387 987 1436; x_wconf 85' lang='lat' dir='ltr'><em>tertium</em></span> <span class='ocrx_word' id='word_1_135' title='bbox 1002 1403 1084 1451; x_wconf 75' lang='lat' dir='ltr'><em>aeuus,</em></span> <span class='ocrx_word' id='word_1_136' title='bbox 1103 1387 1168 1437; x_wconf 84' lang='lat' dir='ltr'><em>licet.-</em></span> <span class='ocrx_word' id='word_1_137' title='bbox 1191 1386 1287 1451; x_wconf 70' lang='lat' dir='ltr'><em>praefi-</em></span> 
     </span>
     <span class='ocr_line' id='line_1_14' title="bbox 164 1467 1288 1536; baseline -0.001 -17"><span class='ocrx_word' id='word_1_138' title='bbox 164 1480 233 1521; x_wconf 89' lang='lat' dir='ltr'><em>ratur</em></span> <span class='ocrx_word' id='word_1_139' title='bbox 244 1471 369 1521; x_wconf 73' lang='lat' dir='ltr'><em>hortensiis</em></span> <span class='ocrx_word' id='word_1_140' title='bbox 379 1471 518 1534; x_wconf 67' lang='lat' dir='ltr'><em>saporibus.-</em></span> <span class='ocrx_word' id='word_1_141' title='bbox 535 1477 559 1517; x_wconf 89' lang='lat' dir='ltr'><em>et</em></span> <span class='ocrx_word' id='word_1_142' title='bbox 575 1469 610 1518; x_wconf 90' lang='lat' dir='ltr'><em>nil</em></span> <span class='ocrx_word' id='word_1_143' title='bbox 619 1470 651 1521; x_wconf 66' lang='grc' dir='ltr'><em>ἁ</em></span> <span class='ocrx_word' id='word_1_144' title='bbox 662 1469 768 1533; x_wconf 84' lang='lat' dir='ltr'><em>corporis</em></span> <span class='ocrx_word' id='word_1_145' title='bbox 781 1467 903 1533; x_wconf 88' lang='lat' dir='ltr'><em>malorum,</em></span> <span class='ocrx_word' id='word_1_146' title='bbox 916 1471 956 1519; x_wconf 86' lang='lat' dir='ltr'><em>cui</em></span> <span class='ocrx_word' id='word_1_147' title='bbox 965 1488 1012 1520; x_wconf 88' lang='lat' dir='ltr'><em>non</em></span> <span class='ocrx_word' id='word_1_148' title='bbox 1022 1471 1151 1521; x_wconf 87' lang='lat' dir='ltr'><em>salutarem</em></span> <span class='ocrx_word' id='word_1_149' title='bbox 1162 1469 1288 1536; x_wconf 70' lang='lat' dir='ltr'><em>strychnon</em></span> 
     </span>
     <span class='ocr_line' id='line_1_15' title="bbox 164 1553 1288 1621; baseline -0.004 -13"><span class='ocrx_word' id='word_1_150' title='bbox 164 1559 314 1608; x_wconf 85' lang='lat' dir='ltr'><em>Xenocrates</em></span> <span class='ocrx_word' id='word_1_151' title='bbox 327 1553 466 1620; x_wconf 85' lang='lat' dir='ltr'><em>praedicet!</em></span> <span class='ocrx_word' id='word_1_152' title='bbox 486 1555 547 1605; x_wconf 81' lang='lat' dir='ltr'><em>Alia</em></span> <span class='ocrx_word' id='word_1_153' title='bbox 563 1556 640 1604; x_wconf 86' lang='lat' dir='ltr'><em>ctiam</em></span> <span class='ocrx_word' id='word_1_154' title='bbox 657 1569 691 1604; x_wconf 90' lang='lat' dir='ltr'><em>ex</em></span> <span class='ocrx_word' id='word_1_155' title='bbox 711 1554 813 1605; x_wconf 84' lang='lat' dir='ltr'><em>Ghiflet.</em></span> <span class='ocrx_word' id='word_1_156' title='bbox 836 1563 1000 1606; x_wconf 75' lang='lat' dir='ltr'><em>annotarunt:</em></span> <span class='ocrx_word' id='word_1_157' title='bbox 1023 1555 1193 1606; x_wconf 80' lang='lat' dir='ltr'><em>commendetur</em></span> <span class='ocrx_word' id='word_1_158' title='bbox 1213 1556 1288 1621; x_wconf 90' lang='lat' dir='ltr'><em>primi</em></span> 
     </span>
     <span class='ocr_line' id='line_1_16' title="bbox 163 1637 1286 1707; baseline -0.001 -16"><span class='ocrx_word' id='word_1_159' title='bbox 163 1643 293 1707; x_wconf 85' lang='lat' dir='ltr'><em>prodimus</em></span> <span class='ocrx_word' id='word_1_160' title='bbox 306 1656 338 1690; x_wconf 86' lang='lat' dir='ltr'><em>cx</em></span> <span class='ocrx_word' id='word_1_161' title='bbox 350 1641 427 1689; x_wconf 86' lang='lat' dir='ltr'><em>Voss.</em></span> <span class='ocrx_word' id='word_1_162' title='bbox 440 1649 465 1688; x_wconf 90' lang='lat' dir='ltr'><em>ct</em></span> <span class='ocrx_word' id='word_1_163' title='bbox 476 1639 640 1688; x_wconf 84' lang='lat' dir='ltr'><em>Academico.</em></span> <span class='ocrx_word' id='word_1_164' title='bbox 658 1637 794 1705; x_wconf 81' lang='lat' dir='ltr'><em>Hortensiis</em></span> <span class='ocrx_word' id='word_1_165' title='bbox 810 1639 934 1702; x_wconf 83' lang='lat' dir='ltr'><em>saporibus</em></span> <span class='ocrx_word' id='word_1_166' title='bbox 951 1638 1057 1692; x_wconf 76' lang='lat' dir='ltr'><em>fecimus</em></span> <span class='ocrx_word' id='word_1_167' title='bbox 1070 1657 1103 1691; x_wconf 87' lang='lat' dir='ltr'><em>ex</em></span> <span class='ocrx_word' id='word_1_168' title='bbox 1115 1655 1186 1691; x_wconf 84' lang='lat' dir='ltr'><em>more</em></span> <span class='ocrx_word' id='word_1_169' title='bbox 1197 1641 1286 1690; x_wconf 90' lang='lat' dir='ltr'><em>Plinii:</em></span> 
     </span>
     <span class='ocr_line' id='line_1_17' title="bbox 164 1723 1287 1795; baseline -0.004 -19"><span class='ocrx_word' id='word_1_170' title='bbox 164 1728 233 1791; x_wconf 87' lang='lat' dir='ltr'><em>qnod</em></span> <span class='ocrx_word' id='word_1_171' title='bbox 250 1728 271 1775; x_wconf 91' lang='lat' dir='ltr'><em>si</em></span> <span class='ocrx_word' id='word_1_172' title='bbox 288 1725 445 1775; x_wconf 84' lang='lat' dir='ltr'><em>meminisset</em></span> <span class='ocrx_word' id='word_1_173' title='bbox 461 1724 602 1784; x_wconf 85' lang='lat' dir='ltr'><em>Pintianns,</em></span> <span class='ocrx_word' id='word_1_174' title='bbox 619 1731 784 1795; x_wconf 77' lang='lat' dir='ltr'><em>temperasset</em></span> <span class='ocrx_word' id='word_1_175' title='bbox 800 1731 833 1773; x_wconf 83' lang='lat' dir='ltr'><em>&#39;ex</em></span> <span class='ocrx_word' id='word_1_176' title='bbox 850 1726 1003 1789; x_wconf 82' lang='lat' dir='ltr'><em>apographo</em></span> <span class='ocrx_word' id='word_1_177' title='bbox 1020 1742 1067 1776; x_wconf 90' lang='lat' dir='ltr'><em>suo</em></span> <span class='ocrx_word' id='word_1_178' title='bbox 1080 1727 1184 1776; x_wconf 79' lang='lat' dir='ltr'><em>laudere</em></span> <span class='ocrx_word' id='word_1_179' title='bbox 1195 1723 1287 1772; x_wconf 86' lang='lat' dir='ltr'><em>horten-</em></span> 
     </span>
     <span class='ocr_line' id='line_1_18' title="bbox 163 1807 1287 1873; baseline -0.002 -13"><span class='ocrx_word' id='word_1_180' title='bbox 163 1812 229 1860; x_wconf 82' lang='lat' dir='ltr'><em>sium.</em></span> <span class='ocrx_word' id='word_1_181' title='bbox 253 1811 330 1872; x_wconf 90' lang='lat' dir='ltr'><em>Illud,</em></span> <span class='ocrx_word' id='word_1_182' title='bbox 348 1809 387 1858; x_wconf 86' lang='lat' dir='ltr'><em>cui</em></span> <span class='ocrx_word' id='word_1_183' title='bbox 401 1825 448 1856; x_wconf 88' lang='lat' dir='ltr'><em>non</em></span> <span class='ocrx_word' id='word_1_184' title='bbox 463 1807 569 1856; x_wconf 87' lang='lat' dir='ltr'><em>salutare</em></span> <span class='ocrx_word' id='word_1_185' title='bbox 584 1808 713 1873; x_wconf 71' lang='lat' dir='ltr'><em>strychnos,</em></span> <span class='ocrx_word' id='word_1_186' title='bbox 732 1811 753 1859; x_wconf 90' lang='lat' dir='ltr'><em>si</em></span> <span class='ocrx_word' id='word_1_187' title='bbox 771 1810 827 1872; x_wconf 91' lang='lat' dir='ltr'><em>quis</em></span> <span class='ocrx_word' id='word_1_188' title='bbox 840 1818 926 1859; x_wconf 87' lang='lat' dir='ltr'><em>tenore</em></span> <span class='ocrx_word' id='word_1_189' title='bbox 938 1811 1018 1870; x_wconf 82' lang='lat' dir='ltr'><em>malit,</em></span> <span class='ocrx_word' id='word_1_190' title='bbox 1038 1808 1287 1873; x_wconf 72' lang='lat' dir='ltr'><em>quassconicum</em></span> 
     </span>
     <span class='ocr_line' id='line_1_19' title="bbox 163 1892 1287 1958; baseline -0.004 -12"><span class='ocrx_word' id='word_1_191' title='bbox 163 1898 238 1946; x_wconf 86' lang='lat' dir='ltr'><em>Voss.</em></span> <span class='ocrx_word' id='word_1_192' title='bbox 255 1894 390 1954; x_wconf 85' lang='lat' dir='ltr'><em>affirmant,</em></span> <span class='ocrx_word' id='word_1_193' title='bbox 411 1895 492 1943; x_wconf 86' lang='lat' dir='ltr'><em>instar</em></span> <span class='ocrx_word' id='word_1_194' title='bbox 507 1894 584 1954; x_wconf 91' lang='lat' dir='ltr'><em>illins,</em></span> <span class='ocrx_word' id='word_1_195' title='bbox 601 1896 632 1943; x_wconf 90' lang='lat' dir='ltr'><em>de</em></span> <span class='ocrx_word' id='word_1_196' title='bbox 649 1908 700 1956; x_wconf 91' lang='lat' dir='ltr'><em>quo</em></span> <span class='ocrx_word' id='word_1_197' title='bbox 719 1894 795 1943; x_wconf 82' lang='lat' dir='ltr'><em>ctiam</em></span> <span class='ocrx_word' id='word_1_198' title='bbox 807 1909 890 1957; x_wconf 85' lang='lat' dir='ltr'><em>supra,</em></span> <span class='ocrx_word' id='word_1_199' title='bbox 913 1893 992 1943; x_wconf 83' lang='lat' dir='ltr'><em>Triste</em></span> <span class='ocrx_word' id='word_1_200' title='bbox 1004 1892 1072 1958; x_wconf 82' lang='lat' dir='ltr'><em>lupus</em></span> <span class='ocrx_word' id='word_1_201' title='bbox 1084 1892 1189 1953; x_wconf 81' lang='lat' dir='ltr'><em>rtabuh&#39;s,</em></span> <span class='ocrx_word' id='word_1_202' title='bbox 1206 1894 1287 1956; x_wconf 88' lang='lat' dir='ltr'><em>possis</em></span> 
     </span>
     <span class='ocr_line' id='line_1_20' title="bbox 162 1977 1287 2044; baseline -0.006 -12"><span class='ocrx_word' id='word_1_203' title='bbox 162 1990 269 2032; x_wconf 83' lang='lat' dir='ltr'><em>tentare:</em></span> <span class='ocrx_word' id='word_1_204' title='bbox 293 1987 315 2026; x_wconf 88' lang='lat' dir='ltr'><em>et</em></span> <span class='ocrx_word' id='word_1_205' title='bbox 331 1977 391 2027; x_wconf 84' lang='lat' dir='ltr'><em>nihil</em></span> <span class='ocrx_word' id='word_1_206' title='bbox 406 1994 454 2026; x_wconf 81' lang='lat' dir='ltr'><em>esse</em></span> <span class='ocrx_word' id='word_1_207' title='bbox 470 1978 576 2041; x_wconf 71' lang='lat' dir='ltr'><em>corporis</em></span> <span class='ocrx_word' id='word_1_208' title='bbox 592 1977 719 2040; x_wconf 85' lang='lat' dir='ltr'><em>malorum,</em></span> <span class='ocrx_word' id='word_1_209' title='bbox 740 1978 780 2026; x_wconf 89' lang='lat' dir='ltr'><em>cui</em></span> <span class='ocrx_word' id='word_1_210' title='bbox 796 1993 840 2025; x_wconf 90' lang='lat' dir='ltr'><em>non</em></span> <span class='ocrx_word' id='word_1_211' title='bbox 857 1977 965 2027; x_wconf 87' lang='lat' dir='ltr'><em>salutare</em></span> <span class='ocrx_word' id='word_1_212' title='bbox 981 1979 1115 2044; x_wconf 66' lang='lat' dir='ltr'><em>strychnos,</em></span> <span class='ocrx_word' id='word_1_213' title='bbox 1137 1979 1287 2028; x_wconf 86' lang='lat' dir='ltr'><em>Xenocrates</em></span> 
     </span>
     <span class='ocr_line' id='line_1_21' title="bbox 160 2062 290 2128; baseline 0 -16"><span class='ocrx_word' id='word_1_214' title='bbox 160 2062 290 2128; x_wconf 84' lang='lat' dir='ltr'><em>praedicet.</em></span> 
     </span>
    </p>

    <p class='ocr_par' dir='ltr' id='par_1_4' title="bbox 197 2144 1286 2210">
     <span class='ocr_line' id='line_1_22' title="bbox 197 2144 1286 2210; baseline 0 -15"><span class='ocrx_word' id='word_1_215' title='bbox 197 2147 267 2210; x_wconf 85' lang='lat'><em>[105,</em></span> <span class='ocrx_word' id='word_1_216' title='bbox 282 2144 342 2206; x_wconf 78' lang='lat' dir='ltr'><em>ist]</em></span> <span class='ocrx_word' id='word_1_217' title='bbox 366 2144 422 2195; x_wconf 87' lang='lat' dir='ltr'><em>Non</em></span> <span class='ocrx_word' id='word_1_218' title='bbox 440 2152 516 2194; x_wconf 86' lang='lat' dir='ltr'><em>tamen</em></span> <span class='ocrx_word' id='word_1_219' title='bbox 533 2146 625 2195; x_wconf 78' lang='lat' dir='ltr'><em>ancilia</em></span> <span class='ocrx_word' id='word_1_220' title='bbox 642 2162 719 2194; x_wconf 87' lang='lat' dir='ltr'><em>eorum</em></span> <span class='ocrx_word' id='word_1_221' title='bbox 737 2146 799 2194; x_wconf 89' lang='lat' dir='ltr'><em>tanti</em></span> <span class='ocrx_word' id='word_1_222' title='bbox 813 2154 873 2206; x_wconf 77' lang='lat' dir='ltr'><em>sitiit,</em></span> <span class='ocrx_word' id='word_1_223' title='bbox 892 2153 918 2193; x_wconf 92' lang='lat' dir='ltr'><em>ut</em></span> <span class='ocrx_word' id='word_1_224' title='bbox 934 2145 971 2195; x_wconf 87' lang='lat' dir='ltr'><em>uel</em></span> <span class='ocrx_word' id='word_1_225' title='bbox 983 2145 1123 2210; x_wconf 85' lang='lat' dir='ltr'><em>profutura]</em></span> <span class='ocrx_word' id='word_1_226' title='bbox 1145 2148 1203 2197; x_wconf 88' lang='lat' dir='ltr'><em>Hoc</em></span> <span class='ocrx_word' id='word_1_227' title='bbox 1216 2162 1286 2196; x_wconf 88' lang='lat' dir='ltr'><em>com-</em></span> 
     </span>
    </p>

    <p class='ocr_par' dir='ltr' id='par_1_5' title="bbox 56 2229 1288 2291">
     <span class='ocr_line' id='line_1_23' title="bbox 56 2229 1288 2291; baseline -0.002 -9"><span class='ocrx_word' id='word_1_228' title='bbox 56 2260 59 2267; x_wconf 95' lang='lat'>·</span> <span class='ocrx_word' id='word_1_229' title='bbox 80 2274 91 2289; x_wconf 72' lang='grc'><em>,</em></span> <span class='ocrx_word' id='word_1_230' title='bbox 162 2233 236 2282; x_wconf 91' lang='lat' dir='ltr'><em>modo</em></span> <span class='ocrx_word' id='word_1_231' title='bbox 253 2231 415 2291; x_wconf 83' lang='lat' dir='ltr'><em>subnectitur,</em></span> <span class='ocrx_word' id='word_1_232' title='bbox 433 2233 477 2280; x_wconf 90' lang='lat' dir='ltr'><em>sed</em></span> <span class='ocrx_word' id='word_1_233' title='bbox 494 2247 545 2281; x_wconf 88' lang='lat' dir='ltr'><em>non</em></span> <span class='ocrx_word' id='word_1_234' title='bbox 562 2231 651 2281; x_wconf 89' lang='lat' dir='ltr'><em>melius</em></span> <span class='ocrx_word' id='word_1_235' title='bbox 668 2239 813 2281; x_wconf 85' lang='lat' dir='ltr'><em>tractatum.</em></span> <span class='ocrx_word' id='word_1_236' title='bbox 831 2233 869 2281; x_wconf 94' lang='lat' dir='ltr'><em>Io.</em></span> <span class='ocrx_word' id='word_1_237' title='bbox 883 2231 1000 2281; x_wconf 84' lang='lat' dir='ltr'><em>Andreas</em></span> <span class='ocrx_word' id='word_1_238' title='bbox 1012 2239 1038 2280; x_wconf 90' lang='lat' dir='ltr'><em>et</em></span> <span class='ocrx_word' id='word_1_239' title='bbox 1049 2231 1112 2280; x_wconf 92' lang='lat' dir='ltr'><em>olim</em></span> <span class='ocrx_word' id='word_1_240' title='bbox 1124 2232 1194 2280; x_wconf 89' lang='lat' dir='ltr'><em>editi:</em></span> <span class='ocrx_word' id='word_1_241' title='bbox 1213 2238 1239 2279; x_wconf 93' lang='lat' dir='ltr'><em>ut</em></span> <span class='ocrx_word' id='word_1_242' title='bbox 1250 2229 1288 2279; x_wconf 84' lang='lat' dir='ltr'><em>ael</em></span> 
     </span>
    </p>

    <p class='ocr_par' dir='ltr' id='par_1_6' title="bbox 160 2312 1286 2380">
     <span class='ocr_line' id='line_1_24' title="bbox 160 2312 1286 2380; baseline -0.004 -16"><span class='ocrx_word' id='word_1_243' title='bbox 160 2317 290 2380; x_wconf 75' lang='lat' dir='ltr'><em>prestatura</em></span> <span class='ocrx_word' id='word_1_244' title='bbox 306 2330 351 2363; x_wconf 80' lang='lat' dir='ltr'><em>iton</em></span> <span class='ocrx_word' id='word_1_245' title='bbox 368 2312 397 2362; x_wconf 89' lang='lat' dir='ltr'><em>de</em></span> <span class='ocrx_word' id='word_1_246' title='bbox 413 2315 443 2363; x_wconf 88' lang='lat' dir='ltr'><em>iis</em></span> <span class='ocrx_word' id='word_1_247' title='bbox 457 2330 636 2364; x_wconf 87' lang='lat' dir='ltr'><em>commemorare</em></span> <span class='ocrx_word' id='word_1_248' title='bbox 648 2315 738 2379; x_wconf 83' lang='lat' dir='ltr'><em>nephas</em></span> <span class='ocrx_word' id='word_1_249' title='bbox 755 2313 807 2378; x_wconf 90' lang='lat' dir='ltr'><em>(vel</em></span> <span class='ocrx_word' id='word_1_250' title='bbox 819 2312 996 2378; x_wconf 53' lang='lat' dir='ltr'><em>aasumputem.</em></span> <span class='ocrx_word' id='word_1_251' title='bbox 1021 2315 1102 2365; x_wconf 86' lang='lat' dir='ltr'><em>Acad.</em></span> <span class='ocrx_word' id='word_1_252' title='bbox 1116 2323 1142 2363; x_wconf 89' lang='lat' dir='ltr'><em>ut</em></span> <span class='ocrx_word' id='word_1_253' title='bbox 1152 2315 1176 2364; x_wconf 85' lang='lat' dir='ltr'><em>in</em></span> <span class='ocrx_word' id='word_1_254' title='bbox 1188 2315 1286 2379; x_wconf 86' lang='lat' dir='ltr'><em>pictura</em></span> 
     </span>
    </p>
   </div>
   <div class='ocr_carea' id='block_1_3' title="bbox 101 2397 1285 2887">
    <p class='ocr_par' dir='ltr' id='par_1_7' title="bbox 162 2397 1285 2547">
     <span class='ocr_line' id='line_1_25' title="bbox 163 2397 1285 2472; baseline 0.001 -23"><span class='ocrx_word' id='word_1_255' title='bbox 163 2419 207 2450; x_wconf 88' lang='lat' dir='ltr'><em>uon</em></span> <span class='ocrx_word' id='word_1_256' title='bbox 220 2400 249 2450; x_wconf 90' lang='lat' dir='ltr'><em>de</em></span> <span class='ocrx_word' id='word_1_257' title='bbox 261 2399 297 2448; x_wconf 83' lang='lat' dir='ltr'><em>his</em></span> <span class='ocrx_word' id='word_1_258' title='bbox 308 2415 488 2450; x_wconf 88' lang='lat' dir='ltr'><em>commemorare</em></span> <span class='ocrx_word' id='word_1_259' title='bbox 501 2399 590 2464; x_wconf 86' lang='lat' dir='ltr'><em>nephas</em></span> <span class='ocrx_word' id='word_1_260' title='bbox 599 2408 687 2464; x_wconf 87' lang='lat' dir='ltr'><em>putem.</em></span> <span class='ocrx_word' id='word_1_261' title='bbox 710 2402 822 2450; x_wconf 84' lang='lat' dir='ltr'><em>Pintiani</em></span> <span class='ocrx_word' id='word_1_262' title='bbox 841 2402 934 2472; x_wconf 78' lang='lat' dir='ltr'><em>codex:</em></span> <span class='ocrx_word' id='word_1_263' title='bbox 957 2407 983 2447; x_wconf 91' lang='lat' dir='ltr'><em>ut</em></span> <span class='ocrx_word' id='word_1_264' title='bbox 995 2397 1022 2448; x_wconf 90' lang='lat' dir='ltr'><em>id</em></span> <span class='ocrx_word' id='word_1_265' title='bbox 1034 2397 1131 2462; x_wconf 85' lang='lat' dir='ltr'><em>pletura</em></span> <span class='ocrx_word' id='word_1_266' title='bbox 1147 2415 1189 2448; x_wconf 88' lang='lat' dir='ltr'><em>nos</em></span> <span class='ocrx_word' id='word_1_267' title='bbox 1202 2398 1232 2447; x_wconf 87' lang='lat' dir='ltr'><em>de</em></span> <span class='ocrx_word' id='word_1_268' title='bbox 1244 2399 1285 2450; x_wconf 83' lang='lat' dir='ltr'><em>iis:</em></span> 
     </span>
     <span class='ocr_line' id='line_1_26' title="bbox 162 2481 1284 2547; baseline -0.004 -10"><span class='ocrx_word' id='word_1_269' title='bbox 162 2490 229 2537; x_wconf 86' lang='lat' dir='ltr'><em>unde</em></span> <span class='ocrx_word' id='word_1_270' title='bbox 241 2486 349 2545; x_wconf 90' lang='lat' dir='ltr'><em>coniicit,</em></span> <span class='ocrx_word' id='word_1_271' title='bbox 368 2482 456 2532; x_wconf 86' lang='lat' dir='ltr'><em>ntideo</em></span> <span class='ocrx_word' id='word_1_272' title='bbox 469 2483 570 2533; x_wconf 86' lang='lat' dir='ltr'><em>laesura.</em></span> <span class='ocrx_word' id='word_1_273' title='bbox 590 2485 690 2535; x_wconf 86' lang='lat' dir='ltr'><em>Chiflct.</em></span> <span class='ocrx_word' id='word_1_274' title='bbox 703 2492 729 2532; x_wconf 90' lang='lat' dir='ltr'><em>ut</em></span> <span class='ocrx_word' id='word_1_275' title='bbox 740 2482 767 2532; x_wconf 89' lang='lat' dir='ltr'><em>id</em></span> <span class='ocrx_word' id='word_1_276' title='bbox 774 2483 886 2547; x_wconf 82' lang='lat' dir='ltr'><em>plectura</em></span> <span class='ocrx_word' id='word_1_277' title='bbox 897 2500 939 2531; x_wconf 89' lang='lat' dir='ltr'><em>nos</em></span> <span class='ocrx_word' id='word_1_278' title='bbox 952 2481 980 2531; x_wconf 90' lang='lat' dir='ltr'><em>de</em></span> <span class='ocrx_word' id='word_1_279' title='bbox 992 2482 1039 2532; x_wconf 88' lang='lat' dir='ltr'><em>his:</em></span> <span class='ocrx_word' id='word_1_280' title='bbox 1058 2485 1124 2532; x_wconf 91' lang='lat' dir='ltr'><em>unde</em></span> <span class='ocrx_word' id='word_1_281' title='bbox 1140 2484 1284 2543; x_wconf 78' lang='lat' dir='ltr'><em>conficiunt,</em></span> 
     </span>
    </p>

    <p class='ocr_par' dir='ltr' id='par_1_8' title="bbox 101 2566 1285 2887">
     <span class='ocr_line' id='line_1_27' title="bbox 101 2566 1285 2633; baseline -0.005 -11"><span class='ocrx_word' id='word_1_282' title='bbox 101 2578 149 2623; x_wconf 78' lang='lat' dir='ltr'><em>tso</em></span> <span class='ocrx_word' id='word_1_283' title='bbox 163 2578 189 2619; x_wconf 92' lang='lat' dir='ltr'><em>ut</em></span> <span class='ocrx_word' id='word_1_284' title='bbox 204 2568 256 2618; x_wconf 87' lang='lat' dir='ltr'><em>ideo</em></span> <span class='ocrx_word' id='word_1_285' title='bbox 269 2568 343 2633; x_wconf 86' lang='lat' dir='ltr'><em>plura</em></span> <span class='ocrx_word' id='word_1_286' title='bbox 359 2567 387 2616; x_wconf 88' lang='lat' dir='ltr'><em>de</em></span> <span class='ocrx_word' id='word_1_287' title='bbox 403 2568 441 2616; x_wconf 87' lang='lat' dir='ltr'><em>iis.</em></span> <span class='ocrx_word' id='word_1_288' title='bbox 469 2569 624 2629; x_wconf 81' lang='lat' dir='ltr'><em>Vossianus,</em></span> <span class='ocrx_word' id='word_1_289' title='bbox 646 2576 672 2616; x_wconf 91' lang='lat' dir='ltr'><em>ut</em></span> <span class='ocrx_word' id='word_1_290' title='bbox 687 2567 714 2616; x_wconf 89' lang='lat' dir='ltr'><em>iol</em></span> <span class='ocrx_word' id='word_1_291' title='bbox 727 2567 825 2631; x_wconf 87' lang='lat' dir='ltr'><em>pletura</em></span> <span class='ocrx_word' id='word_1_292' title='bbox 840 2584 882 2616; x_wconf 87' lang='lat' dir='ltr'><em>nos</em></span> <span class='ocrx_word' id='word_1_293' title='bbox 898 2566 927 2616; x_wconf 89' lang='lat' dir='ltr'><em>de</em></span> <span class='ocrx_word' id='word_1_294' title='bbox 944 2567 987 2617; x_wconf 72' lang='lat' dir='ltr'><em>his.</em></span> <span class='ocrx_word' id='word_1_295' title='bbox 1014 2568 1123 2618; x_wconf 88' lang='lat' dir='ltr'><em>Sensum</em></span> <span class='ocrx_word' id='word_1_296' title='bbox 1144 2569 1285 2632; x_wconf 86' lang='lat' dir='ltr'><em>deprehen-</em></span> 
     </span>
     <span class='ocr_line' id='line_1_28' title="bbox 163 2652 1285 2716; baseline -0.003 -12"><span class='ocrx_word' id='word_1_297' title='bbox 163 2659 262 2711; x_wconf 84' lang='lat' dir='ltr'><em>derunt,</em></span> <span class='ocrx_word' id='word_1_298' title='bbox 284 2653 381 2716; x_wconf 89' lang='lat' dir='ltr'><em>opinor,</em></span> <span class='ocrx_word' id='word_1_299' title='bbox 401 2655 446 2701; x_wconf 88' lang='lat' dir='ltr'><em>scd</em></span> <span class='ocrx_word' id='word_1_300' title='bbox 462 2654 568 2702; x_wconf 91' lang='lat' dir='ltr'><em>nimium</em></span> <span class='ocrx_word' id='word_1_301' title='bbox 584 2655 689 2702; x_wconf 88' lang='lat' dir='ltr'><em>licenter</em></span> <span class='ocrx_word' id='word_1_302' title='bbox 704 2669 720 2702; x_wconf 86' lang='lat' dir='ltr'><em>a</em></span> <span class='ocrx_word' id='word_1_303' title='bbox 737 2654 814 2705; x_wconf 84' lang='lat' dir='ltr'><em>veteri</em></span> <span class='ocrx_word' id='word_1_304' title='bbox 833 2655 958 2716; x_wconf 87' lang='lat' dir='ltr'><em>scripturn</em></span> <span class='ocrx_word' id='word_1_305' title='bbox 979 2654 1147 2702; x_wconf 87' lang='lat' dir='ltr'><em>discesserunt</em></span> <span class='ocrx_word' id='word_1_306' title='bbox 1167 2652 1285 2716; x_wconf 75' lang='lat' dir='ltr'><em>vulgatae</em></span> 
     </span>
     <span class='ocr_line' id='line_1_29' title="bbox 163 2735 1284 2801; baseline -0.005 -13"><span class='ocrx_word' id='word_1_307' title='bbox 163 2738 304 2788; x_wconf 80' lang='lat' dir='ltr'><em>architecti.</em></span> <span class='ocrx_word' id='word_1_308' title='bbox 331 2738 399 2785; x_wconf 88' lang='lat' dir='ltr'><em>Vide</em></span> <span class='ocrx_word' id='word_1_309' title='bbox 416 2736 539 2799; x_wconf 90' lang='lat' dir='ltr'><em>numquid</em></span> <span class='ocrx_word' id='word_1_310' title='bbox 555 2738 659 2801; x_wconf 90' lang='lat' dir='ltr'><em>propius</em></span> <span class='ocrx_word' id='word_1_311' title='bbox 683 2737 754 2786; x_wconf 84' lang='lat' dir='ltr'><em>illam</em></span> <span class='ocrx_word' id='word_1_312' title='bbox 766 2738 815 2801; x_wconf 83' lang='lat' dir='ltr'><em>sit:</em></span> <span class='ocrx_word' id='word_1_313' title='bbox 838 2737 874 2785; x_wconf 90' lang='lat' dir='ltr'><em>uti</em></span> <span class='ocrx_word' id='word_1_314' title='bbox 888 2735 925 2784; x_wconf 86' lang='lat' dir='ltr'><em>vel</em></span> <span class='ocrx_word' id='word_1_315' title='bbox 940 2737 1072 2786; x_wconf 86' lang='lat' dir='ltr'><em>curationes</em></span> <span class='ocrx_word' id='word_1_316' title='bbox 1089 2735 1118 2785; x_wconf 89' lang='lat' dir='ltr'><em>de</em></span> <span class='ocrx_word' id='word_1_317' title='bbox 1135 2735 1171 2784; x_wconf 85' lang='lat' dir='ltr'><em>his</em></span> <span class='ocrx_word' id='word_1_318' title='bbox 1188 2751 1284 2784; x_wconf 88' lang='lat' dir='ltr'><em>comme-</em></span> 
     </span>
     <span class='ocr_line' id='line_1_30' title="bbox 165 2820 1114 2887; baseline 0.001 -19"><span class='ocrx_word' id='word_1_319' title='bbox 165 2836 257 2887; x_wconf 75' lang='lat' dir='ltr'><em>inarare</em></span> <span class='ocrx_word' id='word_1_320' title='bbox 261 2821 309 2884; x_wconf 82' lang='lat' dir='ltr'><em>fas</em></span> <span class='ocrx_word' id='word_1_321' title='bbox 319 2828 406 2883; x_wconf 88' lang='lat' dir='ltr'><em>putem,</em></span> <span class='ocrx_word' id='word_1_322' title='bbox 418 2820 560 2884; x_wconf 82' lang='lat' dir='ltr'><em>praesertim</em></span> <span class='ocrx_word' id='word_1_323' title='bbox 573 2821 598 2868; x_wconf 87' lang='lat' dir='ltr'><em>in</em></span> <span class='ocrx_word' id='word_1_324' title='bbox 611 2829 678 2869; x_wconf 88' lang='lat' dir='ltr'><em>tanta</em></span> <span class='ocrx_word' id='word_1_325' title='bbox 690 2821 759 2885; x_wconf 87' lang='lat' dir='ltr'><em>copia</em></span> <span class='ocrx_word' id='word_1_326' title='bbox 770 2821 915 2869; x_wconf 84' lang='lat' dir='ltr'><em>innoxiorum</em></span> <span class='ocrx_word' id='word_1_327' title='bbox 928 2820 1114 2871; x_wconf 86' lang='lat' dir='ltr'><em>medicaminum.</em></span> 
     </span>
    </p>
   </div>
   <div class='ocr_carea' id='block_1_4' title="bbox 547 3019 901 3086">
    <p class='ocr_par' dir='ltr' id='par_1_9' title="bbox 547 3019 901 3086">
     <span class='ocr_line' id='line_1_31' title="bbox 547 3019 901 3086; baseline -0.003 -1"><span class='ocrx_word' id='word_1_328' title='bbox 547 3020 615 3085; x_wconf 85' lang='lat' dir='ltr'><em>AD</em></span> <span class='ocrx_word' id='word_1_329' title='bbox 638 3020 757 3086; x_wconf 87' lang='lat' dir='ltr'><strong>LIBR.</strong></span> <span class='ocrx_word' id='word_1_330' title='bbox 780 3019 901 3085; x_wconf 90' lang='lat' dir='ltr'>XXII.</span> 
     </span>
    </p>
   </div>
   <div class='ocr_carea' id='block_1_5' title="bbox 161 3159 1372 4322">
    <p class='ocr_par' dir='ltr' id='par_1_10' title="bbox 161 3159 1372 4241">
     <span class='ocr_line' id='line_1_32' title="bbox 198 3159 1283 3225; baseline -0.006 -11"><span class='ocrx_word' id='word_1_331' title='bbox 198 3164 261 3214; x_wconf 66' lang='lat' dir='ltr'><em>Cas.</em></span> <span class='ocrx_word' id='word_1_332' title='bbox 275 3162 309 3211; x_wconf 87' lang='grc' dir='ltr'><em>ΙΙ.</em></span> <span class='ocrx_word' id='word_1_333' title='bbox 328 3159 363 3224; x_wconf 82' lang='grc'><em>[3,</em></span> <span class='ocrx_word' id='word_1_334' title='bbox 376 3160 404 3223; x_wconf 84' lang='grc'><em>3]</em></span> <span class='ocrx_word' id='word_1_335' title='bbox 432 3160 553 3223; x_wconf 80' lang='lat' dir='ltr'><em>Galatiae,</em></span> <span class='ocrx_word' id='word_1_336' title='bbox 572 3162 680 3224; x_wconf 87' lang='lat' dir='ltr'><em>Africae,</em></span> <span class='ocrx_word' id='word_1_337' title='bbox 697 3161 841 3211; x_wconf 86' lang='lat' dir='ltr'><em>Lusitaniae</em></span> <span class='ocrx_word' id='word_1_338' title='bbox 857 3161 941 3225; x_wconf 68' lang='lat' dir='ltr'><em>pranis</em></span> <span class='ocrx_word' id='word_1_339' title='bbox 957 3159 1059 3222; x_wconf 85' lang='lat' dir='ltr'><em>coccum]</em></span> <span class='ocrx_word' id='word_1_340' title='bbox 1087 3162 1127 3211; x_wconf 83' lang='lat' dir='ltr'><em>sie</em></span> <span class='ocrx_word' id='word_1_341' title='bbox 1143 3162 1204 3210; x_wconf 90' lang='lat' dir='ltr'><em>Mss.</em></span> <span class='ocrx_word' id='word_1_342' title='bbox 1222 3160 1283 3208; x_wconf 73' lang='lat' dir='ltr'><em>leni-</em></span> 
     </span>
     <span class='ocr_line' id='line_1_33' title="bbox 162 3245 1284 3312; baseline -0.004 -14"><span class='ocrx_word' id='word_1_343' title='bbox 162 3251 245 3299; x_wconf 89' lang='lat' dir='ltr'><em>tiones</em></span> <span class='ocrx_word' id='word_1_344' title='bbox 257 3249 354 3312; x_wconf 81' lang='lat' dir='ltr'><em>priscae</em></span> <span class='ocrx_word' id='word_1_345' title='bbox 365 3248 506 3296; x_wconf 84' lang='lat' dir='ltr'><em>nonnullae</em></span> <span class='ocrx_word' id='word_1_346' title='bbox 521 3247 585 3296; x_wconf 88' lang='lat' dir='ltr'><em>cocci</em></span> <span class='ocrx_word' id='word_1_347' title='bbox 593 3262 702 3312; x_wconf 68' lang='lat' dir='ltr'><em>prauum,</em></span> <span class='ocrx_word' id='word_1_348' title='bbox 719 3248 787 3310; x_wconf 90' lang='lat' dir='ltr'><em>qnod</em></span> <span class='ocrx_word' id='word_1_349' title='bbox 800 3246 912 3310; x_wconf 86' lang='lat' dir='ltr'><em>praefert</em></span> <span class='ocrx_word' id='word_1_350' title='bbox 925 3246 1075 3307; x_wconf 83' lang='lat' dir='ltr'><em>Salmasius3</em></span> <span class='ocrx_word' id='word_1_351' title='bbox 1093 3245 1188 3294; x_wconf 84' lang='lat' dir='ltr'><em>fatetur</em></span> <span class='ocrx_word' id='word_1_352' title='bbox 1199 3253 1284 3294; x_wconf 86' lang='lat' dir='ltr'><em>tamen</em></span> 
     </span>
     <span class='ocr_line' id='line_1_34' title="bbox 163 3331 1285 3398; baseline -0.004 -14"><span class='ocrx_word' id='word_1_353' title='bbox 163 3350 238 3398; x_wconf 88' lang='lat' dir='ltr'><em>posse</em></span> <span class='ocrx_word' id='word_1_354' title='bbox 254 3334 354 3382; x_wconf 87' lang='lat' dir='ltr'><em>retineri</em></span> <span class='ocrx_word' id='word_1_355' title='bbox 371 3348 403 3381; x_wconf 87' lang='lat' dir='ltr'><em>ex</em></span> <span class='ocrx_word' id='word_1_356' title='bbox 420 3333 524 3396; x_wconf 85' lang='lat' dir='ltr'><em>antiqua</em></span> <span class='ocrx_word' id='word_1_357' title='bbox 536 3333 644 3382; x_wconf 87' lang='lat' dir='ltr'><em>lectione</em></span> <span class='ocrx_word' id='word_1_358' title='bbox 656 3333 729 3397; x_wconf 72' lang='lat' dir='ltr'><em>proni</em></span> <span class='ocrx_word' id='word_1_359' title='bbox 739 3346 841 3380; x_wconf 87' lang='lat' dir='ltr'><em>coccum:</em></span> <span class='ocrx_word' id='word_1_360' title='bbox 860 3346 918 3380; x_wconf 85' lang='lat' dir='ltr'><em>nom</em></span> <span class='ocrx_word' id='word_1_361' title='bbox 931 3344 1037 3379; x_wconf 88' lang='lat' dir='ltr'><em>coccum</em></span> <span class='ocrx_word' id='word_1_362' title='bbox 1049 3345 1095 3394; x_wconf 90' lang='lat' dir='ltr'><em>pro</em></span> <span class='ocrx_word' id='word_1_363' title='bbox 1108 3331 1163 3393; x_wconf 83' lang='lat' dir='ltr'><em>ipsa</em></span> <span class='ocrx_word' id='word_1_364' title='bbox 1174 3331 1285 3379; x_wconf 89' lang='lat' dir='ltr'><em>tinctura</em></span> 
     </span>
     <span class='ocr_line' id='line_1_35' title="bbox 162 3410 1284 3480; baseline -0.003 -15"><span class='ocrx_word' id='word_1_365' title='bbox 162 3419 278 3466; x_wconf 86' lang='lat' dir='ltr'><em>coccinca</em></span> <span class='ocrx_word' id='word_1_366' title='bbox 295 3425 455 3479; x_wconf 84' lang='lat' dir='ltr'><em>usurparunt,</em></span> <span class='ocrx_word' id='word_1_367' title='bbox 471 3418 560 3480; x_wconf 89' lang='lat' dir='ltr'><em>inquit.</em></span> <span class='ocrx_word' id='word_1_368' title='bbox 585 3418 664 3466; x_wconf 85' lang='lat' dir='ltr'><em>Recte</em></span> <span class='ocrx_word' id='word_1_369' title='bbox 680 3419 742 3465; x_wconf 85' lang='lat' dir='ltr'><em>hoc:</em></span> <span class='ocrx_word' id='word_1_370' title='bbox 764 3417 808 3466; x_wconf 90' lang='lat' dir='ltr'><em>sed</em></span> <span class='ocrx_word' id='word_1_371' title='bbox 826 3416 958 3464; x_wconf 84' lang='lat' dir='ltr'><em>retinenda</em></span> <span class='ocrx_word' id='word_1_372' title='bbox 970 3423 1007 3464; x_wconf 93' lang='lat' dir='ltr'><em>est</em></span> <span class='ocrx_word' id='word_1_373' title='bbox 1019 3410 1168 3480; x_wconf 78' lang='grc' dir='ltr'><em>ὁλόκληρος</em></span> <span class='ocrx_word' id='word_1_374' title='bbox 1179 3414 1284 3477; x_wconf 85' lang='lat' dir='ltr'><em>antiqua</em></span> 
     </span>
     <span class='ocr_line' id='line_1_36' title="bbox 163 3497 1372 3563; baseline -0.002 -14"><span class='ocrx_word' id='word_1_375' title='bbox 163 3502 250 3550; x_wconf 89' lang='lat' dir='ltr'><em>lectio:</em></span> <span class='ocrx_word' id='word_1_376' title='bbox 275 3501 368 3563; x_wconf 88' lang='lat' dir='ltr'><em>quippe</em></span> <span class='ocrx_word' id='word_1_377' title='bbox 383 3499 468 3563; x_wconf 74' lang='lat' dir='ltr'><em>pranis</em></span> <span class='ocrx_word' id='word_1_378' title='bbox 484 3516 576 3548; x_wconf 74' lang='lat' dir='ltr'><em>coccium</em></span> <span class='ocrx_word' id='word_1_379' title='bbox 595 3501 659 3550; x_wconf 88' lang='lat' dir='ltr'><em>dixit</em></span> <span class='ocrx_word' id='word_1_380' title='bbox 675 3500 781 3561; x_wconf 86' lang='lat' dir='ltr'><em>Plinius,</em></span> <span class='ocrx_word' id='word_1_381' title='bbox 799 3508 827 3549; x_wconf 91' lang='lat' dir='ltr'><em>ut</em></span> <span class='ocrx_word' id='word_1_382' title='bbox 843 3500 906 3547; x_wconf 83' lang='lat' dir='ltr'><em>Aere</em></span> <span class='ocrx_word' id='word_1_383' title='bbox 919 3500 1007 3549; x_wconf 86' lang='lat' dir='ltr'><em>trahes:</em></span> <span class='ocrx_word' id='word_1_384' title='bbox 1026 3514 1139 3557; x_wconf 86' lang='lat' dir='ltr'><em>coccum,</em></span> <span class='ocrx_word' id='word_1_385' title='bbox 1156 3501 1199 3562; x_wconf 92' lang='lat' dir='ltr'><em>qui</em></span> <span class='ocrx_word' id='word_1_386' title='bbox 1212 3497 1284 3547; x_wconf 91' lang='lat' dir='ltr'><em>color</em></span> <span class='ocrx_word' id='word_1_387' title='bbox 1366 3552 1372 3559; x_wconf 23' lang='lat'>³</span> 
     </span>
     <span class='ocr_line' id='line_1_37' title="bbox 161 3581 1284 3649; baseline -0.003 -16"><span class='ocrx_word' id='word_1_388' title='bbox 161 3593 265 3649; x_wconf 83' lang='lat' dir='ltr'><em>paratur</em></span> <span class='ocrx_word' id='word_1_389' title='bbox 282 3598 296 3632; x_wconf 87' lang='lat' dir='ltr'><em>e</em></span> <span class='ocrx_word' id='word_1_390' title='bbox 312 3585 396 3647; x_wconf 81' lang='lat' dir='ltr'><em>granis</em></span> <span class='ocrx_word' id='word_1_391' title='bbox 412 3587 546 3648; x_wconf 84' lang='lat' dir='ltr'><em>regionum</em></span> <span class='ocrx_word' id='word_1_392' title='bbox 563 3586 668 3635; x_wconf 83' lang='lat' dir='ltr'><em>istarum</em></span> <span class='ocrx_word' id='word_1_393' title='bbox 684 3585 762 3635; x_wconf 88' lang='lat' dir='ltr'><em>foetu.</em></span> <span class='ocrx_word' id='word_1_394' title='bbox 785 3586 874 3648; x_wconf 85' lang='lat' dir='ltr'><em>Neque</em></span> <span class='ocrx_word' id='word_1_395' title='bbox 890 3599 962 3634; x_wconf 87' lang='lat' dir='ltr'><em>secus</em></span> <span class='ocrx_word' id='word_1_396' title='bbox 978 3585 1075 3647; x_wconf 87' lang='lat' dir='ltr'><em>occepit</em></span> <span class='ocrx_word' id='word_1_397' title='bbox 1092 3581 1136 3644; x_wconf 89' lang='lat' dir='ltr'><em>(nc</em></span> <span class='ocrx_word' id='word_1_398' title='bbox 1149 3597 1224 3646; x_wconf 92' lang='lat' dir='ltr'><em>quem</em></span> <span class='ocrx_word' id='word_1_399' title='bbox 1237 3598 1284 3631; x_wconf 86' lang='lat' dir='ltr'><em>sua</em></span> 
     </span>
     <span class='ocr_line' id='line_1_38' title="bbox 162 3667 1283 3731; baseline -0.004 -11"><span class='ocrx_word' id='word_1_400' title='bbox 162 3672 236 3720; x_wconf 83' lang='lat' dir='ltr'><em>laude</em></span> <span class='ocrx_word' id='word_1_401' title='bbox 248 3667 375 3731; x_wconf 81' lang='lat' dir='ltr'><em>fraudem)</em></span> <span class='ocrx_word' id='word_1_402' title='bbox 391 3671 429 3718; x_wconf 85' lang='lat' dir='ltr'><em>vir</em></span> <span class='ocrx_word' id='word_1_403' title='bbox 445 3671 591 3721; x_wconf 86' lang='lat' dir='ltr'><em>excellentis</em></span> <span class='ocrx_word' id='word_1_404' title='bbox 609 3671 739 3720; x_wconf 89' lang='lat' dir='ltr'><em>doctrinae</em></span> <span class='ocrx_word' id='word_1_405' title='bbox 756 3677 781 3719; x_wconf 87' lang='lat' dir='ltr'><em>et</em></span> <span class='ocrx_word' id='word_1_406' title='bbox 792 3670 925 3719; x_wconf 78' lang='lat' dir='ltr'><em>facundiae</em></span> <span class='ocrx_word' id='word_1_407' title='bbox 936 3670 1049 3718; x_wconf 89' lang='lat' dir='ltr'><em>florentis</em></span> <span class='ocrx_word' id='word_1_408' title='bbox 1061 3667 1181 3718; x_wconf 87' lang='lat' dir='ltr'><em>Octavius</em></span> <span class='ocrx_word' id='word_1_409' title='bbox 1193 3667 1283 3715; x_wconf 82' lang='lat' dir='ltr'><em>Ferra-</em></span> 
     </span>
     <span class='ocr_line' id='line_1_39' title="bbox 162 3744 1291 3820; baseline -0.006 -14"><span class='ocrx_word' id='word_1_410' title='bbox 162 3757 212 3807; x_wconf 85' lang='lat' dir='ltr'><em>rius</em></span> <span class='ocrx_word' id='word_1_411' title='bbox 230 3758 255 3804; x_wconf 91' lang='lat' dir='ltr'><em>in</em></span> <span class='ocrx_word' id='word_1_412' title='bbox 273 3769 349 3820; x_wconf 84' lang='lat' dir='ltr'><em>opere</em></span> <span class='ocrx_word' id='word_1_413' title='bbox 364 3756 495 3818; x_wconf 85' lang='lat' dir='ltr'><em>praeclaro</em></span> <span class='ocrx_word' id='word_1_414' title='bbox 513 3757 544 3805; x_wconf 91' lang='lat' dir='ltr'><em>de</em></span> <span class='ocrx_word' id='word_1_415' title='bbox 561 3770 587 3804; x_wconf 87' lang='lat' dir='ltr'><em>re</em></span> <span class='ocrx_word' id='word_1_416' title='bbox 603 3744 717 3805; x_wconf 81' lang='lat' dir='ltr'><em>vestiaria</em></span> <span class='ocrx_word' id='word_1_417' title='bbox 734 3762 800 3818; x_wconf 84' lang='lat' dir='ltr'><em>part.</em></span> <span class='ocrx_word' id='word_1_418' title='bbox 816 3760 836 3803; x_wconf 89' lang='lat' dir='ltr'><em>l.</em></span> <span class='ocrx_word' id='word_1_419' title='bbox 848 3754 892 3802; x_wconf 89' lang='lat' dir='ltr'><em>lib.</em></span> <span class='ocrx_word' id='word_1_420' title='bbox 908 3759 929 3802; x_wconf 87' lang='lat' dir='ltr'><em>l.</em></span> <span class='ocrx_word' id='word_1_421' title='bbox 941 3768 996 3816; x_wconf 85' lang='lat' dir='ltr'><em>cap.</em></span> <span class='ocrx_word' id='word_1_422' title='bbox 1011 3753 1032 3800; x_wconf 82' lang='lat' dir='ltr'><em>t.</em></span> <span class='ocrx_word' id='word_1_423' title='bbox 1056 3751 1191 3801; x_wconf 82' lang='lat' dir='ltr'><em>Caeterum</em></span> <span class='ocrx_word' id='word_1_424' title='bbox 1203 3746 1291 3814; x_wconf 80' lang='lat' dir='ltr'><em>gi·nna&#39;</em></span> 
     </span>
     <span class='ocr_line' id='line_1_40' title="bbox 161 3837 1282 3902; baseline -0.004 -12"><span class='ocrx_word' id='word_1_425' title='bbox 161 3842 217 3902; x_wconf 82' lang='lat' dir='ltr'><em>illa,</em></span> <span class='ocrx_word' id='word_1_426' title='bbox 236 3856 288 3890; x_wconf 93' lang='lat' dir='ltr'><em>non</em></span> <span class='ocrx_word' id='word_1_427' title='bbox 305 3840 408 3889; x_wconf 80' lang='lat' dir='ltr'><em>Africae</em></span> <span class='ocrx_word' id='word_1_428' title='bbox 425 3847 450 3888; x_wconf 89' lang='lat' dir='ltr'><em>ct</em></span> <span class='ocrx_word' id='word_1_429' title='bbox 467 3841 612 3890; x_wconf 83' lang='lat' dir='ltr'><em>Lusitaniae</em></span> <span class='ocrx_word' id='word_1_430' title='bbox 628 3843 718 3900; x_wconf 82' lang='lat' dir='ltr'><em>modo,</em></span> <span class='ocrx_word' id='word_1_431' title='bbox 739 3839 874 3889; x_wconf 85' lang='lat' dir='ltr'><em>sedetiam</em></span> <span class='ocrx_word' id='word_1_432' title='bbox 892 3837 1020 3897; x_wconf 83' lang='lat' dir='ltr'><em>Galatiae,</em></span> <span class='ocrx_word' id='word_1_433' title='bbox 1041 3837 1105 3885; x_wconf 90' lang='lat' dir='ltr'><em>mihi</em></span> <span class='ocrx_word' id='word_1_434' title='bbox 1123 3837 1282 3886; x_wconf 85' lang='lat' dir='ltr'><em>subiecerunt</em></span> 
     </span>
     <span class='ocr_line' id='line_1_41' title="bbox 161 3921 1330 3989; baseline -0.003 -16"><span class='ocrx_word' id='word_1_435' title='bbox 161 3927 349 3988; x_wconf 84' lang='lat' dir='ltr'><em>cogitationem,</em></span> <span class='ocrx_word' id='word_1_436' title='bbox 371 3938 401 3974; x_wconf 85' lang='lat' dir='ltr'><em>oa</em></span> <span class='ocrx_word' id='word_1_437' title='bbox 418 3926 449 3973; x_wconf 87' lang='lat' dir='ltr'><em>de</em></span> <span class='ocrx_word' id='word_1_438' title='bbox 465 3939 527 3974; x_wconf 85' lang='lat' dir='ltr'><em>voce</em></span> <span class='ocrx_word' id='word_1_439' title='bbox 544 3933 691 3989; x_wconf 88' lang='lat' dir='ltr'><em>corruptum</em></span> <span class='ocrx_word' id='word_1_440' title='bbox 707 3923 868 3984; x_wconf 86' lang='lat' dir='ltr'><em>vocabulum,</em></span> <span class='ocrx_word' id='word_1_441' title='bbox 890 3937 941 3986; x_wconf 91' lang='lat' dir='ltr'><em>quo</em></span> <span class='ocrx_word' id='word_1_442' title='bbox 963 3921 1149 3971; x_wconf 86' lang='lat' dir='ltr'><em>nobilissimum</em></span> <span class='ocrx_word' id='word_1_443' title='bbox 1169 3921 1281 3970; x_wconf 88' lang='lat' dir='ltr'><em>colorem</em></span> <span class='ocrx_word' id='word_1_444' title='bbox 1327 3974 1330 3979; x_wconf 91' lang='lat'><em>.</em></span> 
     </span>
     <span class='ocr_line' id='line_1_42' title="bbox 161 4006 1282 4072; baseline -0.002 -17"><span class='ocrx_word' id='word_1_445' title='bbox 161 4007 293 4069; x_wconf 79' lang='lat' dir='ltr'><em>marleiam,</em></span> <span class='ocrx_word' id='word_1_446' title='bbox 314 4007 459 4070; x_wconf 74' lang='lat' dir='ltr'><em>escas-letum,</em></span> <span class='ocrx_word' id='word_1_447' title='bbox 480 4007 617 4070; x_wconf 89' lang='lat' dir='ltr'><em>scarlatum,</em></span> <span class='ocrx_word' id='word_1_448' title='bbox 638 4007 775 4072; x_wconf 83' lang='lat' dir='ltr'><em>squalatnm</em></span> <span class='ocrx_word' id='word_1_449' title='bbox 795 4009 879 4058; x_wconf 84' lang='lat' dir='ltr'><em>medis</em></span> <span class='ocrx_word' id='word_1_450' title='bbox 899 4007 984 4070; x_wconf 89' lang='lat' dir='ltr'><em>coepit</em></span> <span class='ocrx_word' id='word_1_451' title='bbox 1003 4013 1072 4055; x_wconf 86' lang='lat' dir='ltr'><em>aetas</em></span> <span class='ocrx_word' id='word_1_452' title='bbox 1093 4006 1188 4054; x_wconf 84' lang='lat' dir='ltr'><em>dicere:</em></span> <span class='ocrx_word' id='word_1_453' title='bbox 1214 4006 1282 4054; x_wconf 89' lang='lat' dir='ltr'><em>unde</em></span> 
     </span>
     <span class='ocr_line' id='line_1_43' title="bbox 161 4087 1364 4156; baseline -0.002 -19"><span class='ocrx_word' id='word_1_454' title='bbox 161 4092 278 4153; x_wconf 83' lang='lat' dir='ltr'><em>vulgares</em></span> <span class='ocrx_word' id='word_1_455' title='bbox 294 4094 372 4142; x_wconf 89' lang='lat' dir='ltr'><em>hodie</em></span> <span class='ocrx_word' id='word_1_456' title='bbox 384 4094 487 4156; x_wconf 83' lang='lat' dir='ltr'><em>linguae</em></span> <span class='ocrx_word' id='word_1_457' title='bbox 499 4092 612 4154; x_wconf 83' lang='lat' dir='ltr'><em>scarleto,</em></span> <span class='ocrx_word' id='word_1_458' title='bbox 629 4091 752 4155; x_wconf 83' lang='lat' dir='ltr'><em>escariote,</em></span> <span class='ocrx_word' id='word_1_459' title='bbox 771 4090 897 4153; x_wconf 85' lang='lat' dir='ltr'><em>escarlata,</em></span> <span class='ocrx_word' id='word_1_460' title='bbox 915 4088 1071 4150; x_wconf 87' lang='lat' dir='ltr'><em>iscarlattino,</em></span> <span class='ocrx_word' id='word_1_461' title='bbox 1087 4087 1182 4149; x_wconf 80' lang='lat' dir='ltr'><em>scariot,</em></span> <span class='ocrx_word' id='word_1_462' title='bbox 1199 4087 1281 4136; x_wconf 89' lang='lat' dir='ltr'><em>schar-</em></span> <span class='ocrx_word' id='word_1_463' title='bbox 1361 4108 1364 4113; x_wconf 89' lang='lat'>·</span> 
     </span>
     <span class='ocr_line' id='line_1_44' title="bbox 162 4173 1281 4241; baseline -0.001 -19"><span class='ocrx_word' id='word_1_464' title='bbox 162 4173 221 4222; x_wconf 83' lang='lat' dir='ltr'><em>lactc</em></span> <span class='ocrx_word' id='word_1_465' title='bbox 232 4186 392 4240; x_wconf 82' lang='lat' dir='ltr'><em>acceperunt.</em></span> <span class='ocrx_word' id='word_1_466' title='bbox 411 4178 504 4227; x_wconf 91' lang='lat' dir='ltr'><em>Videre</em></span> <span class='ocrx_word' id='word_1_467' title='bbox 516 4179 576 4227; x_wconf 84' lang='lat' dir='ltr'><em>licet</em></span> <span class='ocrx_word' id='word_1_468' title='bbox 587 4178 702 4241; x_wconf 86' lang='lat' dir='ltr'><em>Lipsium</em></span> <span class='ocrx_word' id='word_1_469' title='bbox 715 4184 736 4226; x_wconf 84' lang='lat'><em>1.</em></span> <span class='ocrx_word' id='word_1_470' title='bbox 756 4177 881 4227; x_wconf 83' lang='lat' dir='ltr'><em>Satumal.</em></span> <span class='ocrx_word' id='word_1_471' title='bbox 892 4181 914 4226; x_wconf 85' lang='grc'><em>5.</em></span> <span class='ocrx_word' id='word_1_472' title='bbox 927 4176 1083 4225; x_wconf 88' lang='lat' dir='ltr'><em>Rescndium</em></span> <span class='ocrx_word' id='word_1_473' title='bbox 1095 4176 1139 4224; x_wconf 91' lang='lat' dir='ltr'><em>lib.</em></span> <span class='ocrx_word' id='word_1_474' title='bbox 1152 4181 1173 4223; x_wconf 86' lang='lat'><em>1.</em></span> <span class='ocrx_word' id='word_1_475' title='bbox 1192 4175 1281 4236; x_wconf 84' lang='lat' dir='ltr'><em>Antiq.</em></span> 
     </span>
    </p>

    <p class='ocr_par' dir='ltr' id='par_1_11' title="bbox 162 4259 1280 4322">
     <span class='ocr_line' id='line_1_45' title="bbox 162 4259 1280 4322; baseline -0.002 -13"><span class='ocrx_word' id='word_1_476' title='bbox 162 4259 202 4309; x_wconf 84' lang='lat'><em>01.</em></span> <span class='ocrx_word' id='word_1_477' title='bbox 224 4259 375 4310; x_wconf 76' lang='lat' dir='ltr'><em>Salmasium</em></span> <span class='ocrx_word' id='word_1_478' title='bbox 398 4269 437 4310; x_wconf 89' lang='lat' dir='ltr'><em>tot</em></span> <span class='ocrx_word' id='word_1_479' title='bbox 457 4261 518 4311; x_wconf 90' lang='lat' dir='ltr'><em>locis</em></span> <span class='ocrx_word' id='word_1_480' title='bbox 539 4264 571 4312; x_wconf 87' lang='lat' dir='ltr'><em>ad</em></span> <span class='ocrx_word' id='word_1_481' title='bbox 593 4261 721 4322; x_wconf 72' lang='lat' dir='ltr'><em>solinum,</em></span> <span class='ocrx_word' id='word_1_482' title='bbox 745 4262 869 4312; x_wconf 85' lang='lat' dir='ltr'><em>Gerhard.</em></span> <span class='ocrx_word' id='word_1_483' title='bbox 890 4260 1071 4311; x_wconf 64' lang='lat' dir='ltr'><em>Io.*Vossium</em></span> <span class='ocrx_word' id='word_1_484' title='bbox 1092 4260 1118 4309; x_wconf 93' lang='lat' dir='ltr'><em>iu</em></span> <span class='ocrx_word' id='word_1_485' title='bbox 1139 4259 1280 4319; x_wconf 73' lang='lat' dir='ltr'><em>Glossema,</em></span> 
     </span>
    </p>
   </div>
   <div class='ocr_carea' id='block_1_6' title="bbox 0 0 1464 4794">
    <p class='ocr_par' dir='ltr' id='par_1_12' title="bbox 0 0 1464 4794">
     <span class='ocr_line' id='line_1_46' title="bbox 0 0 1464 4794; baseline 0 3"><span class='ocrx_word' id='word_1_486' title='bbox 0 0 1464 4794; x_wconf 95' lang='lat' dir='ltr'><em> </em></span> 
     </span>
    </p>
   </div>
  </div>
 </body>
</html>
