2918 4794
611 312 857 357 mutuemus.
1194 315 1289 357 xxvn

48 500 56 509 ae
167 465 251 528 renti
272 483 402 527 manum
423 461 672 527 emendatricem
693 482 728 527 se
749 469 899 548 expertos
920 481 992 526 esse
1012 460 1142 525 iactant.
1164 460 1212 527 At
1232 483 1287 526 ea-

168 572 243 638 dem
264 571 468 658 subscriptio,
491 571 602 637 eadem
625 593 750 650 manus,
772 569 862 636 idern
883 569 1044 636 scribendi
1065 570 1193 648 modus,
1220 569 1288 635 seil.

168 683 224 768 qui
245 682 279 747 in
300 681 484 770 diplomatis
504 683 611 747 locum
632 679 739 760 habet,
760 680 824 746 nisi
846 703 905 746 nos
926 681 1021 766 plane
1039 678 1122 746 fallit
1136 680 1289 746 memoria

168 847 208 861 ..-
236 814 311 856 nam
339 803 422 868 tum,
451 813 524 860 oum
551 789 745 873 Mediolani,
774 790 832 856 ubi
859 789 1034 856 Frontonis
1060 789 1288 877 palimpsestus

167 911 364 980 asservatur,
397 923 540 980 eramus,
573 900 626 967 hia
652 901 821 966 Plinianus
847 922 867 964 a
892 898 988 966 nobis
1022 899 1165 966 nondum
1198 899 1289 965 dete·

167 994 238 1079 eius
265 1024 334 1079 erat
358 1067 398 1078 ..
425 1012 585 1098 reperitur
610 1012 644 1077 in
664 1011 728 1078 fine
759 1009 916 1075 librorum
941 1008 1115 1076 Frontonis
1141 1009 1176 1074 in
1203 1008 1290 1075 huno

166 1123 315 1190 modum:
339 1124 400 1210 ispi
422 1131 452 1186 et
473 1124 637 1188 emendavi
657 1121 678 1186 i.
701 1143 741 1199 e,
762 1131 799 1184 ut
820 1117 1010 1186 eVatieano
1031 1117 1208 1186 Frontonis
1228 1142 1288 1205 pa-

165 1233 334 1320 limpsesto
356 1241 491 1309 eonstat,
518 1229 675 1297 Caecilius
697 1252 790 1317 saepe
810 1240 942 1316 rupetra
972 1230 1036 1316 ispi
1061 1241 1090 1295 et
1114 1233 1288 1296 emendari.

165 1343 236 1409 Iam
258 1344 286 1409 si
308 1341 381 1429 quis
401 1340 540 1407 Pliniani
566 1339 767 1428 palimpsesti
793 1338 949 1427 originem
970 1351 1001 1404 et
1023 1340 1162 1428 patriam
1186 1362 1286 1427 repu-

166 1464 230 1533 tet,
263 1451 356 1520 faeile
381 1452 415 1518 in
449 1473 520 1516 eam
547 1449 725 1519 adducatur
755 1448 954 1537 opinionem,
987 1461 1025 1516 ut
1053 1461 1175 1517 statuat
1201 1449 1288 1516 Plini

164 1585 293 1649 quoque
314 1561 457 1630 codicem
478 1559 519 1626 ab
542 1561 653 1628 eodem
680 1563 817 1634 Caecilio
846 1561 1050 1634 emendatum
1076 1584 1159 1628 esse.
1194 1559 1288 1643 Quae

165 1673 192 1740 si
207 1697 284 1739 vera
299 1683 374 1740 sunt
387 1727 429 1738 ..
443 1693 520 1737 mox
540 1683 648 1738 autem
669 1673 730 1741 hoe
752 1676 821 1744 erui
842 1675 961 1764 poterit
982 1673 1023 1740 ab
1038 1694 1086 1751 eo,
1102 1671 1158 1757 qui
1170 1671 1289 1738 utrius·

165 1805 229 1868 que
251 1783 371 1850 oodieis
393 1782 598 1868 comparandi
619 1783 803 1853 facultatem
829 1784 960 1854 habebit
987 1839 1028 1850 ..
1057 1782 1139 1848 duos
1164 1781 1230 1847 iam
1251 1803 1289 1847 au

165 1892 310 1959 diversos
331 1890 462 1976 quidem
483 1890 570 1956 Plini
595 1891 785 1962 habebimus
806 1895 1045 1972 emendatores,
1074 1891 1288 1958 Laurentium

164 2013 198 2069 et
225 2001 404 2069 Caecilium.
439 2000 533 2084 Quae
556 2001 666 2067 eadem
692 2027 745 2071 res
766 2027 917 2092 magnam
938 1982 1036 2070 habet
1056 2002 1122 2069 rim
1143 2001 1178 2066 in
1199 2001 1288 2067 eodi-

164 2137 238 2180 oum
251 2113 470 2180 Plinianorum
483 2112 626 2179 historiis
644 2113 679 2178 in
692 2115 825 2182 clariore
845 2115 917 2181 luoe
938 2113 1141 2182 eollooandis.
1163 2111 1216 2178 Aa
1229 2135 1289 2177 no·

164 2247 242 2288 vum
270 2225 366 2292 etiam
391 2223 466 2287 inde
494 2222 622 2307 pondus
642 2225 771 2290 uooedet
793 2226 836 2291 ad
861 2226 1050 2290 firmandam
1079 2233 1221 2289 nostram
1248 2221 1289 2287 de

164 2331 251 2398 Plini
273 2330 475 2417 palimpsesti
496 2339 601 2396 aetate
625 2332 826 2399 sententiam.
858 2333 944 2398 Nam
965 2332 1140 2399 Frontonis
1161 2351 1289 2415 quoque

164 2443 282 2508 librum
310 2450 445 2506 exeunte
471 2451 586 2525 quarto
615 2441 666 2508 vel
694 2442 825 2510 ineunte
851 2443 963 2529 quinto
985 2441 1112 2508 saeequ
1135 2441 1289 2526 seriptum

165 2575 236 2618 esse
258 2563 332 2637 post
352 2551 514 2618 Niebulrri
535 2563 567 2618 et
588 2551 670 2618 Maii
692 2554 942 2642 disputationem
963 2575 1058 2619 nemo
1085 2562 1144 2631 est,
1170 2550 1227 2638 qui
1254 2551 1289 2616 in

164 2662 397 2755 dubitationem
418 2684 533 2729 voeare
554 2663 642 2730 velit.
1218 2656 1224 2663 ¹

207 2772 285 2855 Sed,
313 2772 436 2838 utiam
457 2794 556 2861 supra
578 2774 841 2863 significavimus,
868 2776 959 2854 bueo,
989 2795 1072 2860 quae
1094 2773 1191 2840 modo
1211 2795 1287 2860 pro·

164 2885 307 2962 tulimus,
334 2893 444 2970 utpote
465 2906 548 2970 quae
569 2887 729 2972 probabili
749 2886 879 2972 quidem
900 2885 1094 2964 oonieetura,
1123 2883 1182 2950 sed
1209 2906 1286 2950 eon·

163 2997 287 3061 iectura
308 3004 416 3058 tamen
436 2992 590 3075 nitantur,
618 3018 639 3060 a
659 2997 782 3081 reliqua
806 2995 1025 3083 disputatione
1050 2995 1193 3061 seiuncta
1218 3016 1290 3061 esse

165 3105 321 3170 volumus.
342 3101 493 3168 Nuna'in
515 3103 660 3170 ordinem
680 3105 859 3171 redeamus.

690 3347 768 3431 se.

101 3528 104 3537 Ι
165 3466 214 3518 Du
241 3465 383 3519 CODIOIS
408 3467 589 3522 IDIOMATF
612 3467 694 3522 SIVE
715 3472 764 3523 DE
786 3469 999 3533 QUIBUSDAM
1021 3472 1183 3525 LINGUAE
1204 3473 1286 3524 PRO-

164 3551 413 3616 PRIETATIBUS,
432 3553 528 3616 QUAS
543 3554 795 3619 ANTIQUARIUS
811 3559 851 3611 IN
868 3558 1169 3613 TRANSCRIBENDO
1188 3556 1289 3609 SECU-

649 3643 718 3698 Tus
734 3643 810 3695 EST.

208 3766 292 3835 Cum
315 3792 333 3835 e
355 3770 474 3837 eodieis
495 3770 645 3838 idiomate
667 3772 709 3838 de
723 3772 885 3859 antiquari
900 3775 1005 3860 patria
1019 3788 1051 3841 et
1067 3776 1108 3841 de
1122 3776 1288 3863 archetypi

165 3886 268 3943 aetate
289 3878 425 3945 iudicari
447 3891 535 3947 reete
556 3879 669 3966 possit,
692 3903 807 3968 operae
829 3884 970 3968 pretium
992 3886 1107 3951 facturi
1130 3885 1223 3952 nobis
1238 3887 1287 3952 vi·

166 3986 288 4066 demur,
317 3989 344 4054 si
371 3990 411 4055 de
439 4013 478 4055 ea
504 4011 539 4056 re
567 3989 723 4076 prolixius
752 3990 958 4059 disseramus.
995 3995 1079 4060 Nam
1107 4018 1181 4062 oum
1203 3999 1287 4063 anti·

167 4096 338 4182 quissimus
360 4100 527 4188 arohetypi
548 4099 679 4180 lormas,
701 4125 766 4168 non
794 4102 897 4171 solum
919 4127 983 4186 ess,
1012 4128 1094 4190 quae
1116 4107 1158 4173 ad
1180 4107 1287 4173 ortho-
