2918 4794
546 315 651 358 nonne
666 315 711 355 sn
725 315 809 356 man.
824 315 906 355 xxm.
1167 306 1173 312 ‘
1246 292 1288 356 35

203 468 256 531 [32
270 467 314 530 72]
338 467 419 518 Simus
436 464 529 530 lapides
544 481 624 514 renum
641 463 990 529 invinodecaciaatquepota
1001 463 1093 526 eninm]
1112 466 1188 515 Voss.
1205 463 1288 514 Timon
1314 449 1323 462 ¹

168 552 259 617 lapides
272 553 363 601 renium
376 553 400 600 in
412 552 466 600 vino
478 550 573 599 decocta
583 558 686 614 potaque
698 549 776 600 enimi.
800 550 882 599 Timon
895 550 996 613 quidem
1009 557 1034 598 et
1046 549 1153 609 chiflet„
1166 550 1211 598 etsi
1223 549 1288 598 indi·

168 639 239 687 culus
257 638 408 700 compluries
426 634 547 685 Phaniam
567 633 703 698 plpsicum,
725 633 828 695 Simum,
850 633 1002 683 Timaristum
1019 633 1143 682 nominet:
1168 639 1193 681 et
1210 631 1289 682 Simos
1323 654 1326 658 ·

171 718 230 770 Coos
243 722 361 772 Straboni
381 722 490 784 agnitus.
517 719 569 769 Sed
589 719 658 768 haud
675 719 749 768 dubie
765 727 862 768 rectum
880 717 963 779 eximi,
987 719 1055 780 quod
1070 723 1158 766 nostro
1175 717 1288 766 debetur:

167 807 317 869 intelligitur
336 807 403 855 enim
425 819 458 854 ex
478 804 652 867 superioribus
667 801 749 851 radice
771 802 835 852 dicit.
863 803 945 852 Aced.
969 801 1035 852 Gud.
1053 804 1156 865 Mennp.
1174 799 1289 852 Halimon

168 888 261 953 lapides
272 890 370 939 renium.
389 889 522 952 Andeguv.
539 887 622 937 Timon
635 886 727 950 lapides
739 887 837 948 renium,
850 895 896 936 etc.
909 887 1025 936 eximitur.

202 971 265 1035 [Iu]
292 974 453 1037 Hippocrates
469 988 544 1021 canen
562 972 611 1020 eius
626 970 662 1020 ad
677 970 787 1035 impetus]
814 972 968 1035 Praecipuus
988 979 1017 1020 ut
1033 979 1059 1020 et
1076 970 1177 1021 Chiflet.
1195 969 1289 1033 Hippo-

167 1066 244 1105 crates
261 1058 347 1105 semine
364 1055 399 1104 ad
415 1057 513 1120 impetus
530 1055 597 1104 lienis
614 1055 672 1103 dari
688 1063 770 1105 censet.
799 1056 886 1106 Genus
905 1057 1036 1119 loquendi,
1058 1056 1133 1129 quale
1154 1055 1203 1104 hoc
1223 1053 1289 1102 libro

167 1157 222 1204 cap.
238 1148 277 1191 13.
294 1141 447 1190 notavimus.
466 1140 510 1188 lib.
524 1145 565 1200 23,
580 1144 593 1189 7
608 1137 660 1200 [64,
676 1136 751 1200 lus]:
772 1136 829 1187 Cum
842 1137 909 1186 melle
917 1137 991 1200 soliis
1007 1139 1071 1187 ceria
1081 1147 1198 1187 sanantur
1211 1136 1290 1202 [apud

167 1226 250 1288 Sillig.
267 1225 371 1287 legitur:
397 1221 496 1284 sanant]
515 1230 537 1271 et
552 1222 620 1270 canis
637 1239 734 1272 morsus.
763 1223 806 1273 Sic
822 1224 933 1287 quinque
949 1223 1043 1287 scripti,
1064 1224 1109 1272 nbi
1124 1223 1215 1284 vulgat
1239 1236 1290 1269 cum

167 1307 234 1356 melle
246 1308 300 1356 item
317 1315 341 1355 et
346 1305 427 1370 foliis.
446 1307 489 1356 lib.
504 1313 544 1367 24,
558 1312 572 1354 2
587 1305 623 1368 [2‚
637 1304 678 1368 6]:
696 1307 770 1355 Latos
782 1306 860 1355 alvum
873 1306 951 1355 baucis
961 1307 1030 1355 sr'siit.
1049 1310 1139 1356 eodem
1150 1308 1193 1355 lib.
1207 1320 1262 1368 cap.
1275 1310 1290 1354 9

168 1392 222 1455 [38,
234 1391 277 1454 63]
292 1395 322 1441 de
334 1393 419 1441 vitice:
436 1389 473 1438 Et
483 1390 569 1439 neruine
580 1382 672 1454 itfolio
684 1389 784 1439 additur
795 1391 821 1439 in
832 1389 981 1455 malagmata
992 1407 1115 1440 nervorum
1126 1398 1150 1439 et
1156 1388 1290 1454 podaprae.

168 1478 357 1541 Siclegendum
370 1491 404 1526 ex
416 1476 640 1539 quinquennum,
654 1491 707 1524 non
724 1491 801 1523 semen
813 1484 835 1523 et
843 1475 943 1539 folium.
963 1478 1022 1525 dein
1034 1477 1154 1540 optimus,
1169 1473 1289 1539 podapra,
1303 1527 1311 1532 ⁸,

166 1579 218 1612 non
232 1561 365 1626 podapras.
387 1564 454 1612 unde
472 1560 586 1613 iacimus
594 1559 727 1624 podagrae.
751 1562 817 1610 libro
837 1564 877 1611 27.
895 1575 950 1625 cnp.
966 1566 997 1611 ln
1015 1559 1067 1624 [91,
1087 1558 1146 1621 114]
1170 1564 1201 1610 de
1217 1561 1290 1624 poly-

167 1649 228 1708 goni
245 1647 389 1710 generibus:
413 1644 507 1696 Semine
522 1643 601 1693 alvum
616 1643 721 1706 solvunt,
743 1643 835 1708 harpias
850 1652 943 1708 sumpto
958 1646 1052 1694 urinam
1069 1645 1137 1694 aient.
1165 1644 1208 1696 sic
1224 1646 1290 1694 idem

164 1731 284 1791 eximius,
298 1731 341 1779 ubi
353 1731 431 1792 vulgo
445 1728 544 1780 Semina
556 1737 581 1778 et
593 1737 694 1792 sumpta.

161 1868 167 1877 x
202 1811 255 1874 [3:3,
270 1813 313 1876 74]
342 1813 466 1867 Ulceribus
483 1813 578 1861 vetustis
595 1811 658 1861 illini
674 1811 782 1874 crudum]
807 1813 849 1863 Sic
866 1814 968 1876 quidem
985 1814 1098 1863 etVoss.
1111 1813 1289 1876 manuprims,

80 1904 89 1913 ‘
167 1900 211 1948 sed
226 1900 299 1948 iuxta
316 1906 386 1948 vetus
403 1904 501 1947 mutata
517 1898 590 1947 litere
605 1897 665 1947 iecit
681 1913 783 1959 crurum,
802 1900 1017 1960 quemadmodum
1029 1900 1104 1962 plane
1117 1904 1225 1960 quatuor
1237 1898 1288 1946 elii.

167 1984 221 2033 Nec
233 1984 314 2045 video,
329 1983 369 2031 cni
382 1984 414 2033 sit
426 1984 468 2032 hic
480 1983 537 2032 usui
550 1983 660 2032 cruditos
672 1983 733 2032 istn:
750 1983 807 2043 nisi,
821 1983 881 2046 quie
892 1984 980 2047 paucis
992 1990 1052 2032 ente
1062 1983 1175 2032 versibus
1187 1982 1256 2044 coqui
1266 1981 1289 2028 in

167 2068 229 2116 crios
241 2069 336 2116 dictum
349 2075 394 2129 est,
407 2069 466 2118 ideo
478 2068 521 2116 hic
533 2065 631 2115 andum
643 2068 703 2131 poni
716 2069 835 2131 oportuit.

203 2150 263 2213 [36‚
284 2150 327 2214 78]
357 2145 478 2217 Iidemque
499 2151 604 2202 rmnedia
627 2160 740 2216 tanquam
764 2160 846 2200 contra
870 2162 979 2200 venenum
1000 2150 1167 2216 prodiderunt]
1197 2153 1288 2202 ll'orte:

167 2236 275 2286 remedio.

202 2319 263 2382 [In]
291 2320 376 2384 Mapis
396 2319 495 2368 accendi
510 2329 599 2384 putant
618 2337 689 2384 quam
708 2319 777 2384 patu]
810 2320 852 2370 Sic
873 2336 974 2384 quoqne
994 2320 1061 2372 Gna
1082 2321 1163 2370 Acad.
1185 2321 1287 2384 Menap.

166 2405 263 2454 Natant
278 2406 305 2453 in
320 2405 443 2467 margine,
461 2420 532 2466 quam
549 2405 598 2454 eius
606 2413 672 2469 potu.
696 2405 806 2466 Quidam
819 2407 959 2466 ediderunt,
975 2420 1045 2467 quam
1058 2403 1125 2453 leuius
1133 2412 1199 2468 potu.
1221 2405 1288 2454 Vos-

166 2491 261 2549 siamus,
280 2504 350 2550 quam
364 2496 456 2552 postea,
472 2488 573 2552 Andeg.
590 2505 660 2552 quom
674 2497 737 2552 pote.
761 2490 831 2552 Lege
848 2504 919 2551 quom
932 2497 1039 2553 potuer,
1059 2498 1087 2539 nt
1098 2491 1182 2539 voluit
1192 2497 1217 2539 et
1228 2490 1288 2539 Pin·

141 2557 151 2564 ’
166 2574 256 2622 danus.

201 2654 254 2718 [97,
274 2655 317 2718 79]
344 2656 401 2707 Non
414 2655 554 2721 faciteam
574 2654 718 2706 deteriorem
746 2655 856 2708 Scandira
876 2656 977 2721 quoque]
1005 2658 1124 2709 Offensus
1144 2659 1184 2708 his
1204 2659 1287 2708 verbis

166 2741 254 2791 Letins
265 2758 317 2791 non
329 2743 430 2791 coniicit
441 2744 527 2803 modo,
545 2745 588 2792 sed
600 2750 626 2792 et
637 2743 710 2792 edere
723 2758 800 2794 ausus
812 2754 856 2805 est,
870 2742 993 2806 nonfacit.
1012 2741 1054 2792 Ea
1067 2741 1168 2792 deterior
1178 2740 1286 2791 scandix.

166 2841 226 2874 nam
247 2829 315 2887 quod
336 2828 424 2887 editur,
445 2828 538 2889 inquii,
560 2842 660 2876 sensum
682 2830 844 2877 commodum
864 2844 914 2877 non
937 2828 1025 2878 hebet:
1052 2830 1113 2892 qnid
1135 2830 1202 2878 euim
1223 2843 1287 2891 opus

166 2911 266 2968 siccari,
285 2911 304 2957 si
322 2924 412 2958 succus
429 2925 481 2958 non
497 2909 558 2958 fecit
574 2911 742 2960 deteriorem?
770 2911 820 2960 Sed
838 2911 975 2960 auferenda
990 2914 1117 2974 particula
1133 2912 1245 2975 negandi
1262 2919 1287 2960 et
1301 2914 1348 2963 787
1394 2922 1401 2929 ’

166 2993 337 3041 scribendum:
361 2992 404 3053 qni
412 2999 501 3040 eontra
517 2991 657 3053 serpentium
669 2991 731 3040 ictus
738 2993 808 3054 facit
823 3008 874 3039 eam
887 2993 1032 3055 deteriorem,
1051 3004 1078 3044 ut
1090 2997 1187 3045 habent
1199 3010 1286 3045 omnes

166 3077 262 3138 scripti.
284 3077 319 3123 Et
334 3077 417 3138 potnit
433 3076 459 3124 id
475 3089 490 3122 a
504 3075 623 3123 Pintiano
640 3075 745 3123 discere.
768 3075 907 3124 Primarins
925 3077 1012 3124 etiam:
1032 3075 1153 3125 Siccanda
1169 3085 1245 3125 autem
1261 3076 1286 3124 in

166 3175 192 3205 eo
203 3175 245 3207 risu
256 3159 324 3222 prices
336 3167 376 3208 est.
396 3168 420 3208 et
431 3159 512 3220 magis
524 3158 614 3221 placet.

201 3240 253 3303 [46‚
268 3240 311 3304 99]
330 3242 370 3291 Au
383 3241 478 3305 coniupe
490 3239 547 3289 dato
558 3239 707 3304 Agrippina]
726 3242 769 3292 Sic
780 3242 845 3292 velle
857 3243 919 3292 Mss.
932 3228 1055 3292 ridentur.

201 3324 254 3387 [46‚
269 3325 312 3388 93]
337 3327 398 3376 Mon
414 3325 439 3373 in
452 3323 561 3388 pediculo
573 3341 657 3388 corpus
668 3325 807 3387 absumitur,
820 3342 923 3390 raroque
934 3325 1049 3389 unquam]
1073 3327 1132 3391 opt.
1146 3341 1199 3375 raon
1211 3327 1284 3375 incre-

165 3418 241 3458 scente
252 3411 276 3458 in
285 3409 391 3474 pediculi
401 3426 491 3473 corpun
509 3411 535 3459 id
552 3418 598 3471 est,
615 3411 641 3458 in
659 3411 823 3460 substantiam
843 3413 896 3462 eins
909 3412 1063 3461 convortitur
1074 3411 1120 3461 illc
1131 3412 1284 3461 membrana.

166 3496 232 3545 Dein
248 3495 328 3545 Acnd.
346 3510 427 3543 rarum
446 3501 480 3542 eet
495 3494 601 3558 peninar
619 3494 719 3557 penninis
736 3510 765 3543 en
782 3512 827 3544 uno
842 3495 913 3560 pede:
941 3497 1060 3547 Vossiuui
1078 3504 1104 3546 et
1120 3497 1186 3548 Gud.
1203 3511 1284 3545 rarum

166 3595 275 3641 unquam.
288 3582 390 3643 Mennp.
403 3594 485 3627 raram
497 3594 510 3625 e
520 3577 627 3641 geminis.
645 3579 729 3649 Lege:
743 3594 869 3642 rarumque
879 3579 987 3643 peminus
998 3596 1027 3628 er
1038 3595 1083 3628 uno
1093 3579 1160 3644 pede.
1179 3582 1285 3631 Baletus

165 3665 281 3725 geminus
293 3678 345 3714 uno
357 3665 422 3729 pede
432 3665 510 3712 nixus
521 3677 606 3712 rarum
619 3663 671 3712 sive
683 3677 723 3712 res
734 3679 797 3712 rara.
957 3648 960 3655 ¹

200 3746 254 3808 [46‚
267 3747 311 3811 94]
334 3747 384 3797 Ilia
396 3746 541 3812 pernicialia
556 3763 655 3811 prorem
672 3745 841 3810 improbanda]
865 3749 976 3797 Pintinni
993 3751 1086 3798 codex:
1108 3746 1153 3796 illa
1166 3747 1286 3811 permittit

165 3831 218 3880 olio
233 3831 296 3894 quod
306 3831 428 3896 probandi
442 3832 496 3881 alia
506 3830 574 3881 alios.
592 3834 661 3882 unde
673 3831 717 3881 ille
729 3833 814 3894 fingit:
833 3830 878 3879 illa
886 3831 1005 3895 pernicies
1017 3830 1076 3892 alia,
1094 3830 1159 3895 quod
1165 3829 1287 3895 probandi

165 3913 211 3962 aiii
221 3914 292 3965 alias.
310 3918 412 3981 Menep.
425 3916 469 3965 illa
478 3916 593 3980 permixti
603 3914 655 3964 aiio
665 3917 729 3964 sicca
741 3913 816 3979 lipari
825 3914 911 3964 clavos.
934 3917 1015 3966 Acnd.
1033 3914 1078 3965 iila
1092 3915 1206 3979 permixti
1220 3913 1284 3963 alias

164 3997 241 4046 siccas
252 3999 330 4061 ripari
340 4000 425 4050 clauos.
445 4001 510 4051 Gna.
523 3999 568 4048 ilia
578 3999 684 4063 permitti
695 3997 754 4059 alia,
770 3999 835 4048 sicca
848 3998 923 4063 lipari
931 3999 1017 4049 clavos.
1035 4000 1157 4051 Varciani
1169 4001 1283 4064 princeps

165 4090 190 4130 et
206 4083 340 4145 Andegav.
362 4084 406 4133 illa
422 4085 530 4149 permitti
545 4083 598 4133 alia
615 4083 679 4148 qnod
691 4083 811 4148 probandi
831 4076 891 4133 atiel
917 4087 1054 4135 Fortassis:
1075 4083 1128 4133 Illo
1141 4083 1284 4148 pernicialia

164 4182 226 4229 quae
244 4167 365 4229 probandi
382 4167 453 4219 alea?
479 4170 541 4231 Illa,
563 4185 628 4233 quae
648 4170 744 4219 scilicet
765 4171 859 4230 dicem,
881 4169 1027 4232 pernicialia
1048 4184 1123 4235 qnam
1145 4170 1283 4234 periculose

1063 4250 1081 4284 e
