2918 4794
191 306 322 347 XXXVIII
630 303 878 346 rnonseossstns.

192 454 288 518 tiores
311 463 395 531 sunt,
418 452 573 537 quasdam
596 464 703 517 tamen
723 451 816 535 quasi
839 473 933 515 ansas
956 449 1033 514 dant
1051 450 1094 515 ad
1116 450 1315 538 investigan-

192 564 279 640 dum,
303 562 461 647 quomodo
484 560 525 626 ab
547 561 725 647 archetypo
746 560 905 650 originem
927 558 1086 625 duxerint.
1109 559 1192 626 Nam
1211 561 1245 625 in
1259 583 1313 627 eo·

191 674 317 739 dinibus
345 673 476 738 alterius
505 672 656 736 familiae
677 694 802 737 errores
829 671 990 736 scribendi
1018 671 1105 736 obvii
1132 681 1223 748 sunt,
1259 671 1316 756 qui

191 784 332 871 produnt
363 783 434 848 illos
461 782 560 847 libros
588 782 627 847 d'e
652 782 761 847 codice
794 780 1023 868 langobardica
1055 803 1152 845 manu
1185 790 1315 846 exarata

193 893 400 979 transcriptos
423 915 510 971 esse,
538 915 610 958 eum
633 892 822 977 saepissime
844 917 860 956 s
881 913 941 979 pro
963 917 982 956 c
1003 890 1185 968 exhibeant,
1207 901 1245 955 ut
1266 891 1315 954 af-

191 1006 345 1070 feramus:
361 1005 523 1091 psophide
544 1025 604 1089 pro
613 1002 774 1089 psophide
795 999 920 1088 legitR
940 1001 995 1066 lib.
1011 999 1095 1065 XII.
1114 1004 1129 1085 ξ
1146 1003 1217 1079 127,
1238 999 1316 1065 item
1355 1036 1361 1051 ·-

191 1138 224 1181 ec
251 1117 370 1180 elicisse
397 1136 457 1200 pra
483 1116 659 1191 reticuisse,
687 1134 770 1197 quae
797 1111 909 1177 literae
936 1136 951 1176 a
979 1121 1055 1176 etr
1081 1110 1115 1175 in
1143 1111 1316 1197 langobar-

191 1224 264 1290 dica
293 1224 453 1309 scriptura
479 1223 542 1287 sibi
571 1222 749 1289 simillimae
774 1245 795 1285 a
820 1221 952 1287 librario
980 1221 1086 1286 minus
1109 1220 1256 1308 diligenti
1285 1231 1317 1287 et

192 1334 368 1400 exercitato
397 1333 490 1398 facile
517 1331 768 1398 confunduntur.
805 1329 934 1396 Deinde
962 1329 1036 1395 libri
1062 1331 1110 1396 illi
1136 1353 1214 1396 mse.
1242 1353 1315 1397 eas·

192 1445 267 1509 dem
288 1441 409 1508 habent
429 1441 558 1530 linguae
580 1441 721 1506 rusticae
741 1440 870 1519 formas,
895 1461 975 1524 ques
996 1440 1038 1504 ad
1051 1441 1201 1529 gallicam
1220 1440 1315 1506 cisal-

192 1553 304 1640 pinam
326 1552 378 1617 vel
399 1550 714 1617 celto-britannicam
736 1549 920 1617 referendas
942 1571 1013 1615 esse
1028 1550 1199 1616 dialectum
1219 1573 1317 1637 supra

192 1661 480 1727 demonstravimus
499 1664 513 1746 ξ
531 1663 561 1726 8.
580 1682 613 1744 p.
626 1683 711 1723 xx1x
726 1682 792 1743 seq.
813 1659 952 1745 Scripsit
969 1660 1052 1725 enim
1063 1660 1174 1726 eodR
1188 1659 1316 1726 lib.XI.

192 1774 286 1858 §182
308 1775 434 1838 ecetecis
449 1793 508 1857 pro
525 1773 645 1849 ceteris,
668 1770 738 1835 aad.
754 1793 774 1835 a
793 1768 848 1835 lib.
863 1769 946 1835 XV.
970 1773 1041 1856 §29
1063 1774 1239 1836 tamencum
1258 1794 1317 1856 pro

121 1966 124 1975 ι
191 1885 383 1948 isamsucu'm
404 1882 426 1946 i.
449 1904 477 1946 e.
501 1906 694 1959 tamencum,
722 1879 791 1946 eod.
814 1881 836 1946 d
856 1878 912 1946 lib.
934 1879 999 1945 XI.
1027 1883 1127 1966 §262
1149 1885 1317 1948 trinacriae

191 2015 250 2079 pro
272 1996 439 2071 treverico,
463 1991 532 2056 eod.
554 1991 585 2056 R
605 1990 661 2056 lib.
683 1989 784 2053 XIII.
809 1993 824 2074 ξ
847 1991 887 2054 67
909 1992 1054 2076 iunipiri,
1077 1990 1170 2055 codd.
1189 1991 1245 2069 R¹,
1266 1990 1318 2056 R²

191 2100 247 2166 na.
264 2100 328 2163 xl.
345 2104 360 2186 s
377 2101 438 2166 105
454 2102 633 2164 caterina·
646 2121 704 2184 pro
727 2099 917 2177 accatucci,
940 2078 1317 2185 connutritae

193 2213 397 2275 incensimum
426 2231 485 2296 pro
507 2212 704 2288 vicesimum,
733 2206 803 2274 eod.
825 2207 848 2272 d
873 2209 928 2274 lib.
950 2208 1015 2273 XI.
1044 2209 1070 2293 ξ.
1095 2211 1156 2274 226
1184 2213 1319 2276 tramitti

192 2342 251 2406 pro
269 2323 450 2400 transmitti,
474 2319 565 2386 codd.
582 2319 640 2384 Td
660 2319 716 2385 lib.
731 2317 797 2384 XI.
819 2320 845 2404 i.
861 2320 922 2384 241
946 2331 1078 2411 aquente
1097 2342 1157 2406 pro
1178 2333 1318 2399 acuente,

193 2430 264 2496 cod.
288 2453 307 2495 a
328 2429 384 2496 lib.
407 2429 489 2494 XII.
514 2433 529 2514 ξ
552 2431 614 2494 116
636 2431 804 2494 tralucido.

235 2540 402 2605 Postremo
425 2539 553 2605 codices
574 2537 621 2600 illi
642 2537 806 2621 antiquam
826 2537 942 2602 imitati
960 2550 1034 2603 sunt
1047 2538 1192 2624 linguam
1206 2540 1316 2606 arche·

194 2649 265 2733 typi
288 2646 473 2724 scribendo,
501 2655 538 2710 ut
559 2645 741 2723 afferamus,
764 2645 874 2710 codiee
894 2646 926 2711 R
945 2646 1001 2711 lib.
1024 2646 1090 2711 XI.
1112 2653 1128 2734 ξ
1149 2650 1207 2716 271
1230 2653 1318 2738 fecit

193 2759 363 2843 profecit,
391 2755 448 2821 lib.
469 2753 568 2818 XIII.
592 2755 607 2837 i
628 2755 669 2818 36
692 2755 817 2833 avulso,
846 2754 903 2820 lib.
924 2754 989 2820 XI.
1017 2759 1032 2840 i
1058 2760 1120 2824 245
1142 2764 1316 2841 deuterum,

194 2865 250 2931 lib.
269 2864 370 2930 XIII.
394 2868 410 2950 ξ
432 2865 473 2930 25
495 2865 708 2943 salurnitana,
731 2887 792 2930 nee
811 2865 929 2944 minus,
951 2866 1007 2932 ubi
1029 2870 1220 2955 compendia.
1238 2872 1317 2936 scri-

195 2975 293 3042 bendi
314 2975 348 3040 in
369 2974 544 3062 exemplari
566 2984 694 3040 vetusto
709 2974 827 3041 amissa
841 2976 980 3055 fuerant,
1003 2979 1215 3045 traduxerunt
1230 2983 1316 3046 eius-

196 3085 269 3156 dem
289 3085 458 3153 leationem
480 3085 514 3151 in
536 3084 689 3181 deterius,
711 3096 748 3150 ut
770 3085 840 3152 cod.
862 3085 894 3151 R
914 3086 970 3151 lib.
993 3087 1058 3152 XI.
1082 3093 1097 3175 §
1117 3090 1178 3155 261
1203 3115 1316 3177 ampa-

196 3198 311 3262 tatibus
332 3219 391 3284 pra
413 3199 649 3283 amputantibus
670 3196 804 3262 mutant
823 3197 858 3262 in
880 3202 1062 3284 amputatis.

239 3302 426 3391 Sequuntur
447 3306 849 3392 nuntiatumque
870 3307 1039 3372 lectionem
1061 3310 1182 3394 primae
1204 3333 1318 3376 manus

197 3415 396 3482 Veronensis
419 3415 555 3493 codicis,
583 3436 683 3498 quare
709 3415 839 3499 probari
865 3436 960 3499 passe
981 3417 1109 3483 videtur
1130 3418 1200 3483 illos
1222 3420 1316 3486 codd.

196 3525 407 3611 archetypum
427 3524 580 3590 habuisse
602 3523 674 3589 aliis
696 3523 782 3588 euris
803 3523 1013 3591 emendatum.

239 3634 321 3701 Inde
355 3635 562 3720 perducimur
593 3633 635 3702 ad
667 3633 728 3702 hoc
761 3632 907 3702 codicum
934 3636 1153 3725 Plinianorum
1184 3650 1318 3706 stemma

197 3745 471 3814 constituendam:
