2918 4794
656 304 796 344 tillthOl'l

570 547 634 610 nt)
657 548 774 612 LIBR.
797 548 880 611 XII.

200 705 264 755 CAP.
284 705 330 754 IV.
351 703 386 765 [8,
403 703 445 766 le]
476 704 524 761 (itti
538 703 634 752 Padurn
651 720 741 752 anrtrern
759 704 867 764 uitiasset,
886 703 998 751 tierninem
1015 703 1050 751 ad
1066 703 1092 753 id
1108 712 1196 768 ternpus
1211 703 1287 753 Asiae

168 789 329 851 Graeciaeque
341 796 383 836 aut
394 788 442 836 sibi
453 787 579 852 copnitrou]
594 791 679 839 Veulnt
690 798 749 839 sunt
757 790 880 839 Herodoti
892 790 909 837 l.
920 797 935 838 3
947 787 1035 850 [115]:
1047 785 1113 839 Οὔτε
1126 785 1180 854 γὰρ
1196 785 1285 854 ἔγωγε

165 870 310 932 ἐνδέκομαι
326 864 466 935 Ἠριδανὸν
484 869 630 921 καλέεσθαι
648 871 718 936 πρὸς
729 868 882 937 βαρβάρων
895 870 1026 933 ποταμὸν,
1040 870 1180 922 ἐκδιδόντα
1193 872 1225 932 ἐς
1235 872 1284 923 doi-

165 953 265 1005 λασσαν
288 955 335 1021 rip
352 954 423 1020 πρὸς
437 951 543 1019 Βορέαν
562 952 669 1017 ἄνεμον.
698 959 732 1006 Et
748 974 821 1007 mox:
839 954 954 1014 οὐδενὸς
970 953 1108 1005 αὐτόπτεω
1125 955 1283 1021 γενομένου.

165 1043 264 1091 Tamen
286 1044 370 1091 turbat
391 1044 512 1091 lectorem
533 1058 661 1092 nonnemo
683 1044 754 1093 velut
775 1044 868 1105 scripta
888 1044 997 1091 lectione
1019 1042 1116 1092 oblatu:
1134 1044 1177 1105 qui
1191 1040 1286 1091 Padurn

165 1142 254 1174 ornnem
273 1143 319 1173 non
335 1125 441 1187 uidisset,
460 1134 514 1175 tum
527 1128 695 1186 conficiendo,
712 1126 804 1176 nemini.
824 1128 892 1187 Quid
904 1137 942 1176 est
954 1134 1048 1186 autem,
1065 1125 1152 1174 nemini
1161 1125 1286 1190 copriturn,

165 1211 207 1273 qui
221 1210 317 1260 Padum
333 1227 424 1258 amnem
441 1227 486 1261 non
503 1210 615 1261 vtntsert
634 1211 707 1260 Itane
723 1226 810 1261 omnes
828 1212 940 1274 undique
958 1212 1092 1260 currebant
1104 1211 1137 1259 ad
1148 1210 1287 1259 videndum

165 1295 283 1344 Padum?
301 1296 352 1345 Sed
368 1310 415 1345 nec
432 1304 500 1344 recte
512 1297 586 1345 illum
597 1299 733 1345 adnotasse
744 1297 859 1359 suspicor
870 1304 980 1345 veterem
992 1296 1133 1344 lectionem.
1146 1308 1207 1343 nam
1218 1294 1285 1343 Vos-

166 1379 229 1428 siuni
242 1381 301 1440 duo,
316 1379 382 1428 Gud.
396 1389 421 1428 et
432 1381 514 1429 Acad.
528 1379 569 1441 qui
581 1378 675 1428 Padurn
687 1395 733 1427 uon
744 1378 848 1429 uidisset.
866 1382 907 1430 Ex
923 1394 974 1442 quo
986 1378 1078 1428 merito
1091 1377 1181 1427 eruditi
1193 1376 1286 1427 iecerat
1309 1429 1313 1436 ,

167 1463 211 1526 qui
220 1462 315 1511 Padum
328 1479 418 1511 amnem
431 1462 535 1512 vidisset.
549 1462 602 1524 [Ex
614 1461 718 1512 Miscet.
731 1480 756 1527 p.
769 1463 840 1526 848.]

200 1548 264 1598 Car.
273 1545 320 1596 vtj
341 1546 393 1608 [12‚
404 1546 448 1609 ut]
466 1546 514 1594 Est
525 1555 548 1595 et
558 1547 611 1596 alia
622 1546 705 1595 similis
717 1546 778 1609 huie,
798 1547 889 1596 dulcior
897 1564 975 1611 pomo,
987 1546 1030 1595 sed
1040 1546 1211 1595 interaneorum
1223 1543 1288 1593 uale-

167 1629 244 1679 tudini
258 1629 356 1692 irtsesta]
377 1631 475 1682 Censeo
488 1632 618 1695 scripsisse
629 1633 741 1681 Plinium
753 1631 888 1680 uohtrrdine
906 1633 999 1695 infesto,
1016 1633 1067 1680 hoc
1079 1639 1128 1692 est,
1142 1631 1242 1690 morbo,
1258 1637 1288 1679 ut

167 1718 261 1780 passim
274 1731 304 1764 ee
321 1731 384 1764 voce
401 1717 489 1779 optimi
507 1718 600 1778 quique
616 1724 729 1765 utuntur.
746 1716 870 1765 Infestum
888 1725 926 1765 cst
942 1718 967 1766 id
983 1732 1087 1779 pomum
1105 1730 1145 1774 eo,
1162 1715 1232 1777 quod
1249 1714 1287 1763 in·

167 1808 326 1851 teraneorum
337 1801 507 1850 valetudinem
521 1800 560 1849 vel
572 1799 672 1850 dolores
684 1801 778 1863 gignat.
793 1798 846 1861 [Ex
858 1798 960 1849 Miscell.
973 1816 997 1863 p.
1011 1797 1083 1859 848]
1170 1826 1172 1830 v

566 2032 633 2098 AD
656 2032 774 2096 LIBR.
798 2031 896 2095 XIII.

233 2170 382 2235 [Sequentia
394 2172 550 2235 typographi
562 2187 646 2221 errore
659 2175 726 2236 apud
741 2170 844 2222 Gronov.
858 2172 890 2220 ad
902 2170 957 2218 libr.
970 2168 1032 2218 XII.
1046 2170 1126 2218 relata
1138 2168 1218 2232 sunt.]

372 2247 383 2277 9

203 2305 267 2357 Cur.
280 2307 339 2355 XV.
355 2305 407 2368 [29,
420 2305 464 2367 92]
491 2304 651 2355 Venurndatae
671 2312 726 2353 sunt
748 2313 771 2352 et
787 2303 848 2352 duae
859 2302 922 2352 Iuba
937 2319 992 2367 repe
1008 2302 1130 2365 uendente]
1149 2305 1289 2356 Salmasius

168 2393 200 2440 ad
216 2392 366 2440 Tertulliani
383 2391 493 2440 Polliam
510 2405 534 2453 p.
553 2396 609 2441 405.
631 2406 648 2437 a
664 2388 727 2437 Iuba
744 2404 798 2452 repe
818 2386 941 2437 vendente:
967 2391 1010 2437 sed
1028 2379 1135 2451 scriptos
1152 2389 1255 2451 habere,
1272 2406 1291 2437 a

168 2473 232 2523 Iuba
252 2490 306 2538 repe
322 2473 461 2537 pendentes3
484 2483 510 2523 et
534 2490 594 2524 sane
618 2489 670 2523 non
690 2475 773 2536 ipsum
794 2488 878 2535 regem
899 2472 988 2521 lubsm
1009 2487 1051 2521 eus
1071 2474 1226 2534 uendidiss03
1243 2476 1289 2522 sed

168 2573 226 2606 cum
246 2566 305 2621 post
325 2566 433 2607 mortem
454 2558 532 2606 Iubae
553 2559 619 2607 bone
641 2559 694 2606 eius
715 2557 761 2605 sub
782 2559 856 2605 hasta
875 2557 1050 2616 venderentur,
1072 2558 1134 2606 duas
1149 2557 1207 2605 illos
1219 2572 1290 2605 men-

168 2657 208 2690 sas
229 2657 287 2689 curn
307 2642 409 2703 reliquis
429 2642 503 2690 bonis
524 2643 570 2690 sub
591 2641 667 2689 titulo
688 2641 852 2702 pependisse:
879 2640 954 2688 licere
979 2641 1054 2688 etiam
1074 2641 1172 2701 legere,
1193 2655 1210 2687 α
1227 2638 1291 2688 Iuba

168 2740 222 2786 repe
238 2722 358 2786 pendente,
381 2732 409 2773 ut
429 2725 484 2785 ipse
504 2725 550 2771 sub
571 2724 646 2772 titulo
662 2724 816 2786 pependerit.
836 2724 957 2771 Proxime
975 2739 1082 2786 scopum
1099 2725 1224 2773 iaculatus
1244 2732 1289 2774 est.

169 2808 335 2857 Scribcndum
357 2809 434 2856 enim:
464 2805 619 2854 venumdatae
644 2813 698 2854 sunt
723 2813 745 2853 et
765 2804 827 2854 duae
847 2804 909 2854 Iuba
934 2823 989 2870 repe
1015 2806 1138 2870 pendente.
1170 2808 1290 2870 Intelligo

168 2891 344 2940 Ptolemaeum
365 2890 463 2950 Iubam,
489 2907 564 2954 quem
589 2892 804 2954 consanguineum
826 2906 899 2940 suum
921 2891 996 2941 Ceius
1024 2890 1150 2941 interfecit
1174 2900 1200 2941 ct
1222 2894 1290 2941 bona

170 2975 223 3024 eius
240 2976 367 3038 corripuit.
386 2975 523 3026 Suetonius
540 2983 571 3025 26
593 2984 618 3024 et
640 2980 680 3026 27.
708 2973 860 3024 Ptolemaeus
876 2973 948 3034 Iuba,
970 2977 1012 3038 qui
1033 2991 1119 3024 reuera
1139 2973 1290 3023 Ptolemaeus

168 3055 250 3119 Iubae,
267 3067 296 3108 ut
311 3058 379 3107 Aiax
398 3059 486 3120 Oileus,
503 3057 612 3110 Herodes
627 3058 730 3117 Atticus,
747 3062 778 3108 de
794 3075 845 3122 quo
861 3061 893 3109 ad
911 3059 1024 3107 Senecae
1035 3060 1163 3109 Medeam.
1181 3055 1291 3107 Pendere

169 3144 259 3193 dicitur
276 3144 410 3207 eleganter,
429 3147 499 3194 euius
518 3128 586 3194 lione
602 3145 742 3208 proscripta
759 3152 818 3193 sunt
835 3151 860 3192 et
871 3143 918 3192 sub
931 3142 1005 3192 titulo
1018 3144 1141 3205 pendent:
1158 3149 1187 3190 ut
1199 3141 1292 3190 dicitur

168 3228 304 3289 confiscari,
322 3231 393 3279 euius
415 3245 468 3278 rem
488 3230 563 3278 fiscus
587 3228 677 3277 aufert
700 3226 762 3275 licia
775 3225 902 3290 pendente,
919 3242 977 3275 cum
993 3227 1119 3275 bonorum
1136 3225 1215 3275 Iubae
1230 3240 1290 3288 pro·

168 3314 270 3376 scriptio
284 3323 308 3362 ct
320 3315 404 3362 auctio
417 3316 496 3362 fieret.
508 3311 645 3361 Suetonius
655 3311 763 3361 Claudio
777 3327 832 3373 cap.
843 3317 866 3372 9.
880 3308 914 3357 ad
925 3326 965 3358 eas
977 3309 1014 3357 rei
1017 3308 1155 3373 familiaris
1167 3308 1291 3372 anpustios

169 3393 263 3453 decidit,
281 3402 314 3454 ut,
332 3412 382 3442 cum
395 3394 524 3458 oblipatam
537 3394 632 3441 aerario
640 3393 717 3454 fidem
736 3393 836 3442 liberare
848 3410 893 3440 non
903 3401 994 3456 posset,
1011 3394 1145 3441 innocuum
1159 3391 1208 3456 lepe
1217 3409 1291 3455 prae-

168 3475 273 3524 diatoria
290 3477 379 3526 venalis
394 3476 533 3541 pependerit
548 3479 590 3524 sub
608 3476 681 3524 edicto
694 3479 878 3540 praefhctornnt.
898 3479 981 3538 Quem
997 3479 1084 3526 locum
1097 3478 1192 3540 optime
1204 3485 1292 3526 contra

170 3561 349 3610 Cusaubonum
362 3570 386 3610 et
398 3562 560 3612 Torrentium
573 3562 753 3624 interpretatur
766 3559 781 3607 ὀ
793 3559 862 3610 πάνυ
880 3565 911 3611 tle
923 3563 1000 3610 modo
1013 3574 1108 3611 usurar.
1125 3577 1149 3624 p.
1165 3565 1221 3611 739.
1241 3560 1291 3610 Sed

170 3652 195 3694 et
207 3643 310 3692 venalem
320 3644 459 3708 pependisse
472 3648 532 3707 quid
545 3654 617 3706 esset,
637 3654 704 3694 recte
715 3646 778 3695 vidit
789 3647 891 3709 Lipsius
903 3648 934 3694 ad
947 3647 1059 3695 Senecae
1070 3645 1200 3694 Beneficia
1211 3651 1235 3705 t,
1252 3650 1290 3694 12.

170 3729 251 3789 Illud,
273 3729 297 3776 in
314 3745 425 3790 vacuum,
447 3730 482 3777 sic
497 3731 608 3792 positum
628 3731 816 3780 observavimus
832 3733 900 3793 apud
916 3732 1077 3780 Lactantium
1093 3732 1125 3778 ud
1143 3728 1292 3779 Thebaidos

170 3814 243 3863 Statii
260 3814 354 3863 librum
369 3818 391 3862 6.
404 3829 467 3862 vers.
482 3818 537 3864 790.
556 3813 667 3877 Rapiunt
683 3814 808 3862 cortamina
824 3812 897 3874 uenti]
922 3813 1054 3877 Excipirtnt
1069 3812 1118 3861 siue
1126 3814 1290 3877 frustrantur.

170 3895 197 3944 id
207 3905 247 3958 est,
260 3897 285 3945 in
297 3913 394 3944 uacuum
407 3896 524 3944 minarum
536 3898 586 3946 eius
598 3899 696 3961 impetus
705 3898 833 3961 perierunt.
850 3898 916 3947 Item
928 3901 995 3961 apud
1005 3897 1190 3946 Tertullianum
1203 3897 1292 3945 adver·

171 3995 213 4029 sus
224 3981 381 4030 Marcionem
393 3981 436 4029 lib.
451 3985 474 4040 4,
488 3987 525 4030 16.
544 3982 568 4030 in
581 3998 679 4030 vacuum
690 3981 832 4044 patientiam
842 3980 972 4044 praecepit,
985 3996 1030 4029 non
1041 3980 1151 4029 exhibens
1162 3979 1222 4028 mitt
1232 3994 1292 4027 rner-

173 4061 248 4111 cedem
263 4064 392 4127 praecepti.
416 4064 548 4127 Significat
569 4082 626 4115 earn
648 4067 857 4130 proscriptionem
878 4065 1088 4117 contumeliosam
1108 4067 1194 4130 potins
1215 4079 1292 4127 quarn

173 4148 321 4197 damnosam
333 4148 411 4200 fnisse
424 4150 543 4200 Claudio.
564 4149 616 4211 [Ex
629 4147 731 4199 Miscell.
744 4166 768 4212 p.
782 4148 853 4211 848]
