2918 4794
212 250 247 290 VI

264 399 320 472 Ac
345 400 506 496 primum
524 399 672 495 quidem
695 401 794 496 quod
813 399 1038 496 Veronensis
1058 404 1156 478 Plini
1173 418 1327 480 naturae

212 551 449 625 historiarum
477 550 595 623 codex
622 577 644 622 a
670 551 901 628 Famncnnro
924 553 1060 632 MONEO
1086 558 1241 630 feliciter
1268 558 1327 630 de·

211 711 331 774 tectus
359 699 525 772 eiusdem
552 701 623 774 viri
650 701 853 774 doctissimi
878 703 1056 777 laudabili
1083 729 1171 777 cura
1194 717 1230 778 et
1248 704 1327 778 dili-

211 852 337 949 gentia
350 875 434 923 cum
448 875 516 923 sua
529 850 689 924 editione
708 854 932 926 coniunctim
949 856 988 925 in
1006 855 1127 927 lucem
1145 853 1326 946 ederetur,

209 1026 285 1074 non
315 1000 538 1074 mediocrem
564 1002 700 1091 animo,
735 1002 835 1099 quod
866 1028 933 1100 per
963 1005 1090 1078 literas
1120 1005 1212 1076 mihi
1234 1007 1327 1107 ⁴plus

209 1151 323 1224 semel
339 1159 496 1222 testatus
515 1160 582 1240 est,
608 1152 688 1247 ipse
707 1148 874 1264 Silligius
898 1155 1066 1252 capiebat
1088 1157 1327 1252 voluptatem.

209 1299 330 1390 Quam
354 1302 453 1378 iusta
478 1301 571 1374 haec
598 1300 676 1375 eius
702 1302 814 1377 tuerit
840 1305 1024 1401 voluptas,
1060 1306 1160 1403 quod
1185 1308 1240 1379 illi
1265 1333 1327 1404 pa·

207 1455 398 1550 limpsesto
426 1452 474 1523 sit
501 1450 739 1525 statuendum
770 1455 930 1550 pretium
956 1466 993 1528 et
1019 1455 1108 1552 quid
1139 1467 1327 1553 praestan·

207 1605 341 1677 tissimi
373 1599 494 1700 operis
527 1601 687 1675 Pliniani
720 1605 825 1678 crisis
857 1631 905 1678 ex
937 1630 981 1678 eo
1014 1617 1051 1679 et
1081 1607 1155 1678 iam
1186 1607 1329 1683 lucrata

208 1756 265 1828 sit
283 1765 320 1828 et
345 1757 384 1827 iu
410 1766 601 1852 posterum
627 1755 816 1830 lucratura
834 1758 882 1829 sit
904 1758 1085 1848 utilitatis,
1112 1781 1227 1854 penes
1249 1757 1328 1830 ido·

207 1933 298 1982 neos
325 1908 459 1980 harum
484 1931 608 1980 rerum
635 1907 794 1980 arbitros
822 1911 870 1980 sit
890 1910 1076 1983 iudicium.
1104 1906 1207 1997 Quae
1224 1934 1328 1983 meae

207 2060 247 2132 in
274 2056 400 2130 codiee
426 2054 572 2127 edendo
598 2065 723 2130 essent
747 2067 883 2151 partes,
911 2083 972 2131 eas
995 2061 1047 2132 ita
1070 2059 1328 2135 administran-

210 2207 276 2280 das
290 2206 381 2279 uiihi
398 2205 539 2301 putavi,
553 2213 595 2277 ut
608 2205 717 2279 novis
731 2190 921 2282 literarum
938 2210 1067 2283 formis
1085 2208 1179 2283 fusis
1196 2209 1327 2306 signis·

209 2384 280 2458 que
317 2355 411 2433 adeo
452 2355 699 2431 emendatoris
736 2357 917 2432 imitando
953 2359 1084 2433 effictis
1122 2369 1232 2453 atque
1270 2384 1327 2432 ac·

210 2521 338 2592 curata
373 2507 604 2603 singularum
637 2508 860 2602 paginarum
900 2509 1147 2604 descriptione
1182 2517 1329 2582 servata

211 2659 412 2758 singularis
443 2657 530 2730 libri
562 2658 769 2754 proprietas
802 2668 839 2730 et
868 2655 945 2733 fida
976 2657 1054 2731 eius
1085 2657 1209 2753 imago
1243 2668 1328 2734 aute

210 2814 337 2907 oculos
363 2819 580 2909 poneretur;
614 2809 704 2904 quin
737 2809 942 2905 scripturae
973 2808 1097 2882 literas
1130 2807 1240 2882 unius
1266 2833 1328 2905 pa-

176 2953 184 2956 *
210 2967 319 3064 ginae
335 2963 497 3060 imagine
515 2962 554 3034 in
572 2959 695 3056 lapide
714 2984 894 3056 expressa
909 2960 961 3035 ita
978 2959 1175 3034 assimilari
1192 2961 1329 3050 curavi,

209 3129 253 3191 ut
290 3117 353 3214 qui
386 3112 630 3212 legendorum
670 3111 1020 3210 tractandorumque
1056 3110 1223 3187 codicum
1258 3136 1330 3187 usu

211 3281 320 3367 atque
348 3246 612 3338 exercitatione
643 3263 801 3360 praediti
820 3265 960 3351 ,oculos
991 3264 1131 3337 habent
1165 3261 1329 3335 eruditos

211 3419 257 3494 de
293 3417 522 3492 Veronensis
558 3416 644 3489 libri
685 3416 905 3511 antiquitate
938 3413 1047 3487 facile
1081 3411 1228 3508 Possint
1259 3411 1332 3506 ipsi

210 3570 382 3646 iudicare.

261 3717 405 3794 Deinde
438 3743 521 3791 cum
548 3743 569 3789 a
596 3717 714 3792 doctis
745 3719 885 3814 aliquot
916 3716 1140 3818 hominibus,
1173 3738 1265 3809 quos
1290 3715 1330 3788 in

212 3867 407 3941 consilium
421 3868 563 3956 vocavi,
582 3866 792 3945 admonitus
807 3891 937 3957 essem,
955 3878 1008 3957 ut,
1027 3867 1058 3939 si
1077 3863 1218 3961 quid-in
1232 3862 1331 3935 Plini

212 4039 307 4112 quae
332 4019 424 4093 meis
452 4019 659 4116 sumptibus
686 4017 854 4117 prodiret
880 4016 1040 4092 editione
1058 4040 1216 4093 vacuum
1234 4026 1332 4091 esset

214 4168 326 4264 spati,
360 4168 400 4241 id
430 4169 682 4268 impenderem
710 4166 897 4244 Frederici
929 4165 1086 4246 Gronoci
1116 4170 1156 4244 in
1190 4168 1332 4264 aliquot
