2918 4794
506 299 611 343 nonen
627 299 671 340 sn
685 299 770 339 mss.
785 297 902 337 xxvm.
1025 310 1028 315 ·
1225 275 1266 338 bb
1368 309 1373 317 ·

145 470 198 503 num
215 461 237 502 ct
253 454 328 503 iecere
338 450 409 515 sellis
424 450 550 500 dumtaxat
565 448 642 498 librae
656 447 768 511 pondere.
790 449 827 498 Ut
843 457 870 495 et
881 445 1014 507 Academ„
1031 447 1079 496 nisi
1095 450 1165 510 quod
1181 446 1268 495 eiecere

144 538 286 603 proiecere.

180 619 244 684 [In]
266 620 416 682 Cineremqae
434 635 512 668 eoram
528 626 608 682 potam
626 616 663 666 uel
683 614 778 677 illitum]
801 617 876 666 Voss.
894 615 1017 678 cinerequs
1033 623 1056 662 et
1070 630 1150 663 cornu.
1168 615 1265 664 Scribe:

145 710 288 767 cineremque
300 721 312 752 e
324 720 395 753 cornu
405 711 486 767 potum
499 701 536 750 vel
547 701 643 750 illitum:
656 709 684 751 ut
697 694 763 751 (iud.
775 701 954 759 Academicus,
967 698 1109 762 Menspiue.

179 791 243 841 One.
256 788 303 839 xl.
318 787 376 850 [47‚
391 785 451 849 107]
473 783 570 836 Ceruium
585 800 671 833 coruus
686 784 762 832 cinere
778 783 906 832 scabritias
921 798 1000 832 eorum
1016 780 1141 846 inunqunt]
1164 784 1268 832 Vossia-

145 890 200 934 nus,
217 872 348 921 scabritias
365 871 454 920 eadem.
481 873 564 933 Lege,
580 868 710 919 scabricias
726 865 850 916 curandam
867 867 989 931 inunquat.
1015 869 1096 919 Acsd.
1113 866 1178 918 Gud.
1197 867 1268 915 Men.

145 955 223 1006 eodem
235 956 334 1020 anquina
345 963 425 1004 sanat
443 967 563 1002 macrones
573 953 644 1002 etiam
657 952 728 1016 ipsos.

180 1039 234 1103 [47,
249 1037 308 1101 171]
327 1038 405 1089 Sedet
416 1038 541 1102 calipinem
554 1036 593 1101 sel
607 1053 659 1085 cum
672 1034 759 1099 passo]
777 1037 819 1086 Ex
832 1036 933 1086 chiflet.
946 1036 1067 1099 praebent
1078 1033 1198 1097 caliqiaes.
1218 1033 1268 1094 Sed
1282 1037 1331 1081 801

144 1132 276 1188 praeterea
296 1124 451 1173 Vossianus:
476 1121 530 1170 item
550 1120 682 1184 pulmonem
704 1118 797 1183 leporis.
824 1117 861 1168 Et
881 1117 916 1168 od
936 1118 1049 1183 caliqines
1063 1116 1105 1181 sel
1124 1133 1175 1166 cura
1195 1131 1269 1179 passo

145 1216 188 1256 aut
204 1207 277 1256 melle.
298 1204 379 1270 Id'que
396 1207 477 1255 multo
495 1206 653 1255 commodius
671 1204 789 1264 orationi,
806 1219 864 1253 cum
881 1203 1057 1268 praecesserit:
1077 1199 1121 1248 Ad
1137 1200 1216 1248 omnia
1233 1199 1268 1247 in-

146 1299 260 1341 ueterata.
1084 1331 1087 1335 .

180 1372 233 1435 [49,
248 1372 308 1435 181]
326 1373 445 1423 Dentibus
460 1371 555 1421 caninis
570 1371 671 1420 manime
687 1369 774 1432 simile]
797 1371 874 1420 Voss.
886 1370 953 1422 (iud.
964 1370 1034 1420 And.
1046 1371 1149 1432 Monup.
1163 1365 1270 1415 dentibsa

145 1456 238 1505 caninis
249 1457 360 1505 menimis
370 1455 453 1506 simile.
471 1457 529 1506 Hoc
541 1456 585 1506 111).
598 1471 653 1520 csp.
669 1460 699 1504 19
714 1453 740 1517 [7
744 1462 766 1513 8,
781 1452 855 1516 151]ε
872 1455 964 1504 Dentes
975 1451 1069 1517 quidem
1080 1464 1158 1500 eorum
1170 1451 1272 1499 maximi

145 1541 211 1603 equis
226 1539 329 1604 alliqati.
352 1541 409 1590 Lib.
422 1547 463 1600 00,
476 1546 492 1587 4
505 1539 541 1602 [8,
554 1538 612 1602 11];
628 1537 733 1589 Casinus
750 1537 807 1587 dass
824 1538 919 1588 sinister
930 1537 1055 1587 mucimus.
1073 1538 1154 1588 Aced.
1167 1550 1269 1599 quoque

146 1623 264 1673 0100111110.

179 1708 243 1758 cic.
255 1706 328 1757 XIV.
349 1705 405 1771 [58¹
423 1705 485 1769 101]
507 1706 595 1756 Assum
611 1705 705 1755 suillum
722 1705 760 1755 uel
775 1705 889 1755 bincinam
910 1705 1027 1754 decoctum
1048 1707 1072 1755 in
1092 1705 1143 1753 uini
1163 1703 1267 1765 bessina]

145 1793 220 1842 Voss.
236 1800 265 1841 ut
281 1778 309 1842 cl
319 1791 421 1841 chiflet.
439 1789 556 1839 decoctm
572 1788 607 1839 ad
621 1790 727 1852 quintam
743 1789 860 1838 heminam
876 1789 901 1837 in
917 1790 979 1838 cino.
1005 1791 1084 1852 Lege,
1102 1787 1218 1837 decoctum
1236 1787 1271 1836 ad

145 1875 250 1938 quintam
262 1874 369 1924 heminae
380 1875 405 1923 in
416 1874 479 1924 vino.
497 1874 615 1935 Qustnor
626 1874 681 1922 elii:
693 1872 811 1922 decoctum
823 1873 923 1921 eminam
936 1872 960 1920 ia
973 1871 1034 1921 uino.

180 1958 233 2022 [58‚
246 1958 307 2021 203]
329 1956 386 2008 (lum
402 1957 529 2023 cyclamini
544 1970 612 2006 succe
628 1964 651 2004 et
666 1955 777 2005 aluminis
794 1954 895 2018 modico]
914 1957 990 2006 Voss.
1003 1964 1028 2004 01
1041 1955 1165 2004 Pintisni:
1181 1962 1204 2001 et
1215 1953 1271 2003 aiu.

145 2043 214 2092 minis
226 2051 345 2091 momento.
360 2043 544 2101 Pulcherrime‚
556 2057 615 2090 num
627 2041 815 2104 pondusculum
828 2049 867 2090 est
878 2049 982 2089 eertum.
996 2039 1054 2088 Lib.
1065 2045 1106 2099 30,
1119 2044 1131 2089 7
1147 2035 1200 2100 [le
1212 2035 1268 2100 56]=

145 2134 171 2174 at
189 2125 250 2174 cinis
271 2141 352 2174 earum
373 2125 467 2174 bebatur
487 2124 512 2173 in
532 2125 599 2185 uine,
619 2122 702 2172 addito
722 2123 816 2171 resinae
836 2130 955 2172 momento.
983 2123 1083 2172 Eodem
1100 2113 1218 2187 111)Ᾰο00.
1237 2128 1266 2173 11

146 2207 199 2271 [18,
216 2207 273 2270 93]:
293 2208 375 2258 sordes
391 2209 487 2258 aurium
503 2216 547 2258 uut
562 2223 717 2256 mauritarum
732 2205 832 2270 pecudis
848 2206 944 2256 denarii
961 2206 1065 2270 pondere
1086 2220 1137 2257 curu
1159 2205 1269 2274 mqrrbae

144 2301 264 2342 momento.
292 2294 354 2355 Cup.
374 2298 404 2342 15
423 2291 477 2354 [18,
495 2290 568 2354 140]:
589 2291 689 2342 Somnos
703 2289 781 2340 allicit
796 2304 904 2354 oesypum
920 2307 971 2340 cum
987 2291 1099 2356 mprrbos
1116 2299 1227 2340 enemente
1244 2290 1268 2338 in

144 2376 196 2424 viai
206 2376 296 2440 cyathis
308 2374 405 2443 duobus.
473 2400 477 2411 ·
1135 2369 1139 2375 ’

180 2459 233 2522 [58,
245 2457 307 2520 108]
320 2459 480 2522 Protinusque
491 2458 580 2507 modice
589 2456 713 2522 sriqidam
725 2457 817 2506 sorberi
827 2457 917 2520 iubent]
931 2459 1013 2509 Aced.
1023 2458 1177 2521 protinusque
1189 2457 1268 2506 buius·

145 2542 210 2592 modi
216 2541 346 2607 sriqidum.
368 2544 432 2593 Tres
448 2543 499 2601 elii,
513 2542 667 2605 protinusque
683 2540 886 2606 modisriqidum.
906 2543 1109 2606 Antiquissimus
1124 2551 1150 2592 et
1166 2542 1267 2593 chiflet.

141 2627 253 2690 protinus
270 2625 340 2690 lique.
362 2627 438 2677 Unde
455 2628 601 2688 coniiciunt,
615 2627 724 2690 protinus
741 2625 825 2689 aliqui.
849 2627 901 2678 Sed
916 2627 1057 2678 Vossianus
1074 2628 1151 2677 etism
1161 2625 1267 2692 friqida.

145 2711 231 2761 Scribo
247 2712 335 2774 igiturs
353 2719 379 2759 ut
391 2726 437 2774 per
453 2726 478 2758 se
494 2708 622 2759 inauriatur
636 2711 758 2774 protinas,
774 2712 845 2774 inque
860 2710 949 2760 modice
958 2709 1058 2776 sriqida
1075 2712 1168 2761 sorberi
1182 2711 1267 2760 iubent.

144 2795 188 2845 810
199 2811 261 2844 mox
274 2793 329 2856 [58,
342 2793 416 2855 nlo]:
428 2795 464 2842 uti
471 2794 579 2857 protinas
591 2794 719 2844 bauriatar
728 2794 829 2859 sriqida
840 2812 913 2859 aqua.

114 2907 116 2911 ·
178 2879 242 2929 cm.
255 2878 315 2926 XV.
328 2875 382 2939 [00,
395 2875 457 2938 114]
475 2877 569 2926 Fimsm
582 2878 652 2926 etiam
661 2877 775 2941 prodesse
786 2895 838 2927 cum
849 2878 917 2928 mella
928 2879 1021 2944 dicant]
1041 2880 1102 2930 Vox
1113 2882 1204 2930 ultime
1216 2862 1272 2929 non

129 2963 220 3012 ‘estin
233 2961 338 3022 optimo,
354 2969 380 3008 01
391 2961 504 3022 suspicor
515 2962 668 3010 11100100ιο01
679 2962 711 3010 ub
724 2964 820 3024 aliquo,
837 2964 887 3026 qni,
897 2978 988 3026 purum
1007 2966 1162 3014 meminisset
1174 2966 1268 3027 passim

144 3045 229 3096 Plinio
240 3045 326 3106 fimum
346 3045 395 3093 dici
415 3051 506 3092 neutro
529 3056 633 3104 genere,
654 3052 753 3094 comet
769 3043 893 3106 exprode
913 3060 971 3095 cum
992 3049 1151 3109 superposite
1170 3049 1269 3110 virgula

143 3131 231 3178 liceret
250 3129 273 3176 ei
289 3127 373 3177 facere
390 3135 443 3176 tsm
461 3123 572 3188 prodesse
590 3142 666 3189 quem
683 3124 788 3188 prodest.
816 3127 867 3177 Sed
884 3129 961 3178 Plinii
976 3128 1070 3178 fueret:
1088 3130 1175 3191 fimum
1196 3130 1267 3177 etiam

141 3211 240 3274 prodest
256 3227 308 3258 cum
324 3209 390 3259 meite
405 3217 449 3258 aut
464 3225 515 3258 cum
532 3218 605 3258 aceto.
630 3209 673 3261 Sic
689 3225 745 3274 esp.
766 3215 795 3260 17
815 3207 874 3272 [07,
892 3209 966 3273 130]
983 3209 1165 3260 Mslanobolicis
1181 3211 1268 3270 fimum

144 3293 212 3344 uituli
222 3294 247 3343 in
259 3295 312 3342 uino
324 3293 440 3342 decoctum
452 3291 554 3342 remedio
566 3301 607 3342 est.
784 3355 793 3366 ἢ

180 3376 233 3439 [00,
246 3375 308 3439 115]
326 3376 428 3426 Testium
441 3385 516 3425 tumor
527 3393 578 3426 cum
590 3393 644 3425 sevo
656 3375 724 3428 vituli
734 3375 818 3426 addito
830 3378 893 3427 nitro
904 3377 1034 3442 cohibetur]
1054 3368 1269 3444 Voss.'oxpnngit

147 3458 177 3508 rb
190 3477 253 3510 cum:
270 3469 296 3510 et
307 3476 338 3509 00
350 3476 404 3510 non
416 3475 491 3524 aegre
503 3469 573 3510 caret
585 3461 674 3511 oratio.
698 3463 730 3512 In
742 3469 852 3526 quatuos
863 3463 920 3513 eliis
933 3465 1003 3514 deest
1020 3479 1073 3514 vox
1086 3471 1168 3525 tumor¹
1186 3465 1269 3514 lutens

145 3544 241 3593 scilicet
253 3546 279 3592 in
290 3545 488 3607 praepositione.

180 3626 244 3677 Ceu.
256 3627 330 3677 XVI.
346 3625 400 3689 [63,
414 3626 476 3690 110]
495 3626 569 3676 Asini
578 3629 696 3678 cerebrum
708 3646 737 3678 ea
748 3647 814 3693 aqua
825 3629 911 3691 mulsa,
922 3630 1063 3691 infamatum
1073 3631 1143 3694 prius
1154 3630 1267 3693 insoliis]

145 3710 306 3771 Hermolaus,
322 3710 348 3759 in
359 3710 433 3760 soliis
456 3711 569 3761 Pintinni
580 3712 654 3773 liber,
671 3712 697 3785 in
708 3712 766 3762 sulti
775 3714 901 3765 semuncia.
919 3715 1074 3765 Vossianus:
1089 3714 1159 3778 prius
1170 3715 1195 3763 in
1204 3715 1272 3778 fulti

144 3792 269 3843 semuncia.
292 3795 424 3846 Fortasse:
441 3795 583 3858 infumatum
597 3795 675 3859 prius,
692 3796 716 3844 in
730 3796 806 3860 pulte,
822 3798 944 3846 semuncia
955 3814 1001 3862 per
1018 3797 1075 3847 dies.
1099 3800 1140 3850 810
1157 3814 1214 3862 cup.
1229 3815 1267 3850 se·

144 3877 232 3940 quenti
245 3874 298 3939 [07,
312 3878 386 3941 130];
402 3878 496 3943 (loprae
507 3896 561 3928 sevo
572 3880 597 3928 in
606 3879 673 3942 pulte
684 3879 792 3931 alicacea
803 3890 826 3930 et
833 3880 939 3945 plstbesia
952 3891 975 3931 et
987 3882 1067 3931 tussim
1079 3885 1171 3933 sanari.

178 3960 243 4012 CAP.
256 3962 344 4013 XVII.
358 3963 411 4026 [dd‚
422 3962 483 4026 131]
497 3963 563 4014 ninii
575 3965 666 4014 taurini
675 3965 784 4027 maxime,
796 3965 839 4014 sed
849 3974 872 4016 et
884 3965 970 4028 bubali,
983 3964 1012 4015 ds
1024 3967 1161 4016 armentivis
1173 3966 1267 4032 loquor]

145 4043 188 4093 Sic
205 4046 362 4109 Vossianus,
386 4051 489 4112 perinde
506 4056 535 4098 ut
551 4049 663 4098 Pintisni
679 4052 767 4100 codex.
797 4066 856 4099 nsm
873 4050 1012 4099 armentivis
1028 4060 1079 4102 tres
1095 4067 1196 4115 quoque
1216 4053 1268 4102 ulii.

146 4128 217 4179 Men.
228 4130 349 4179 armentis
