2918 4794
230 292 291 354 100
419 304 421 309 '
719 313 860 355 caenovr

264 462 316 526 [36,
335 462 379 525 98]
402 462 437 511 Et
452 478 532 511 sensus
549 479 626 511 ornrres
643 463 765 526 expressit,
783 480 841 526 quos
861 463 951 516 Graeci
966 473 1050 513 uocant
1067 463 1129 527 etita]
1153 468 1230 518 Voss.
1248 479 1273 518 et
1290 471 1350 520 Pin·

221 550 301 599 tiani:
314 555 336 596 et
347 564 427 596 sensus
437 548 537 596 bertinis
546 548 668 611 expressit,
681 563 743 610 quoe
753 556 838 596 vocant
847 548 931 612 praeci
941 547 997 599 etde.
1015 551 1097 612 Lege:
1111 559 1133 597 et
1144 567 1226 600 sensus
1238 551 1351 603 dumanas

228 632 350 696 expressit,
362 647 423 694 quoe
435 640 520 680 vocant
534 630 625 682 Graeci
634 628 697 696 ἤθη.

263 715 315 778 [36,
334 715 378 778 99]
406 715 441 764 Et
458 715 659 780 Anopuuomenen
675 724 773 778 propter
789 731 892 764 umorem
901 717 994 780 fratris
1011 717 1156 781 morientem]
1184 721 1245 771 Vox
1261 722 1351 774 ultime

201 840 205 846 .
227 803 259 851 ab
275 800 446 864 explicatione
462 808 512 850 est:
530 815 590 849 nam
607 815 654 849 nec
670 801 695 849 in
708 801 785 850 Voss.
804 815 851 848 uec
863 787 945 850 Acad.
958 816 1005 851 nee
1018 802 1085 852 Gud.
1099 819 1154 852 nec.
1166 807 1235 855 Men.
1249 811 1349 872 conspi-

228 887 300 935 citur.
323 885 460 948 Eleganter
475 900 527 934 nno
543 884 713 947 vocabuloet
729 899 822 933 nomeu
839 886 941 934 tabulae
959 894 984 936 st
995 900 1050 934 rem
1062 889 1192 950 expressit.
1218 889 1349 953 Intelligit,

228 971 325 1033 opinor,
341 969 436 1032 Byblin
453 984 538 1019 amore
555 968 637 1019 Cauni
654 964 861 1034 ἀναπαυομένην
879 969 928 1017 τοῦ
944 965 1017 1030 βίου.
1042 971 1154 1021 Pintieni
1172 974 1261 1022 eodem
1273 977 1350 1024 verbo

228 1053 309 1103 caruit
320 1056 409 1103 codex.

262 1137 315 1200 [36,
331 1136 390 1199 102]
413 1137 479 1188 Huic
490 1136 600 1200 picturae
617 1145 701 1200 quater
716 1136 815 1186 colorem
832 1137 927 1186 induxit
942 1137 1048 1188 subsidio
1066 1139 1168 1189 iniuriae
1179 1149 1201 1190 et
1213 1143 1348 1205 uetustatis]

227 1224 363 1275 Hermolai
379 1231 424 1272 est.
443 1224 518 1272 Voss.
532 1222 598 1272 Gud.
612 1223 681 1271 Men.
694 1224 784 1282 Acad,
801 1231 829 1271 ut
846 1233 920 1272 antea
937 1223 1070 1272 edebatur:
1089 1223 1183 1273 induxit
1198 1234 1279 1275 centro
1295 1228 1349 1275 sub-

227 1307 290 1357 sidia
306 1307 409 1356 iniuriae
426 1314 448 1354 et
464 1306 594 1355 vetustates.
615 1307 719 1357 Novum
736 1307 787 1356 hoc
804 1308 895 1368 visum,
913 1309 956 1371 qui
973 1307 1101 1361 subsidium
1120 1311 1213 1374 ubique
1230 1311 1283 1360 fere
1301 1326 1347 1375 pre

227 1393 324 1442 auxilio
338 1401 363 1443 et
374 1393 521 1440 adiumento
533 1391 594 1454 poni
607 1393 783 1440 meminerant.
807 1391 856 1442 Sed
869 1390 967 1442 Plinius
979 1392 1089 1441 subsidio
1100 1396 1185 1458 potuit
1196 1396 1285 1454 dicere,
1298 1411 1348 1458 quo

227 1490 301 1527 sensu
314 1477 439 1538 Vegetius
455 1475 582 1535 subsessor,
600 1476 672 1537 quasi
688 1491 735 1538 pro
751 1476 848 1525 insidiis
865 1484 909 1524 sut
921 1477 1053 1540 inopinata
1064 1478 1097 1537 ri,
1116 1478 1158 1527 vel
1173 1493 1220 1541 pro
1237 1479 1261 1526 vi
1273 1487 1349 1541 atque

227 1561 323 1624 impetu
343 1559 444 1609 serioris
465 1558 593 1620 temporis.
620 1559 685 1607 Nam
706 1557 815 1606 subsidia
836 1568 895 1608 sunt
915 1561 991 1609 robur
1009 1565 1147 1611 secundnm
1168 1568 1194 1611 et
1210 1572 1348 1626 posterum,

226 1647 335 1708 primam
351 1643 430 1692 aciem
448 1642 576 1704 excipiens
593 1649 618 1690 et
634 1643 769 1691 sustinens.
795 1644 881 1703 Multi,
899 1645 942 1706 qui
958 1645 1081 1708 principis
1098 1654 1242 1696 constanter
1258 1646 1348 1697 tolera-

227 1744 285 1780 vere
305 1737 349 1778 ant
369 1728 445 1776 etiam
466 1726 600 1788 impulere,
622 1727 809 1790 postprincipiis
830 1742 937 1776 cessere:
964 1728 1011 1787 vel,
1033 1739 1062 1778 ut
1083 1731 1174 1780 clarius
1194 1731 1284 1791 dicam,
1305 1730 1349 1794 qui

227 1816 323 1878 primae
344 1812 407 1862 aciei
428 1811 517 1860 hostili
537 1810 688 1869 restiterant,
710 1819 754 1859 ant
772 1811 848 1859 etiam
866 1826 923 1860 eam
941 1812 1000 1861 loco
1021 1824 1161 1874 moverant,
1183 1817 1242 1864 victi
1258 1824 1348 1865 sunta

165 1903 213 1948 836
226 1897 345 1958 subsidiis,
366 1904 510 1961 postquam·
526 1910 565 1944 res
581 1898 613 1944 ad
630 1895 731 1944 triarios
747 1896 868 1944 rediisset.
894 1896 1060 1946 Praesentem
1077 1898 1208 1957 iniuriam,
1231 1900 1347 1948 omuibus

227 1984 367 2034 custodiam
383 1979 580 2044 praestantibus,
600 1993 688 2028 recens
709 1980 798 2028 tabula
813 1978 888 2029 facile
906 1979 1008 2043 effugit3
1031 1981 1063 2030 ab
1080 1991 1164 2032 aetate
1184 1984 1273 2031 vitium
1294 1997 1347 2031 nen

226 2068 325 2124 metuit,
346 2066 415 2114 baud
435 2065 471 2113 ita
492 2072 548 2114 tuta
568 2065 600 2113 ab
621 2072 739 2113 secutura
754 2063 859 2124 iniuria,
882 2079 939 2112 cum
957 2073 1015 2127 post
1030 2065 1134 2129 longam
1152 2067 1217 2114 diem
1236 2067 1347 2116 securius

226 2152 343 2210 habetur,
361 2150 392 2198 ab
406 2158 522 2198 secuturo
535 2149 595 2198 situ:
615 2155 640 2197 et
656 2149 719 2197 haec
731 2156 790 2198 sunt
800 2146 908 2196 subsidio
920 2147 1023 2196 iniuriae
1035 2157 1057 2196 et
1068 2144 1195 2198 vetustatis.
1219 2149 1247 2199 Si
1262 2159 1347 2199 tamen

226 2238 252 2285 id
265 2238 357 2285 durum
374 2234 492 2295 cuiquam
509 2234 632 2294 videatur,
649 2248 783 2297 possumus
799 2234 919 2282 scribere:
938 2241 1019 2282 contro
1031 2232 1124 2282 obsidio
1135 2233 1236 2282 iniuriae
1248 2242 1270 2281 et
1281 2241 1346 2283 vetu-

226 2320 303 2368 statis.
322 2320 363 2369 Sic
377 2318 522 2369 Columella
534 2323 558 2378 8,
571 2325 586 2366 2
601 2315 636 2379 [7.
648 2317 709 2366 Vol.
722 2317 757 2366 11.
770 2332 794 2380 p.
808 2321 865 2366 387.
879 2316 1006 2378 Schneid,
1023 2319 1067 2368 ubi
1078 2318 1171 2381 legitur
1182 2315 1347 2366 insidiatorum

225 2401 388 2465 onimaiium]:
411 2400 465 2453 dum
484 2409 562 2450 tamen
580 2418 640 2450 anus
655 2399 739 2450 sedulo
759 2400 796 2450 uei
812 2418 873 2465 puer
893 2400 1038 2450 adhibeatur
1058 2409 1133 2451 eustos
1153 2401 1299 2466 repentium,
1319 2418 1347 2449 ne

226 2487 324 2538 obsidiis
336 2486 452 2536 bominum
465 2495 507 2534 out
519 2485 682 2535 insidiosorum
696 2485 833 2535 animalium
846 2485 1000 2549 diripiantur.
1012 2487 1085 2536 Idem
1094 2488 1136 2537 lib.
1145 2493 1189 2549 9,7
1201 2484 1356 2560 [6.Ἷο1.Π.1

225 2589 250 2636 p.
264 2571 337 2634 446]:
360 2580 443 2621 contro
451 2570 590 2634 soiioeiam'
600 2570 695 2632 diserti,
717 2571 760 2634 qui
774 2571 836 2620 reiut
854 2579 930 2620 eustos
946 2570 1055 2619 vestibuli
1072 2570 1205 2633 [Schneid.
1222 2569 1345 2633 vestibulo]

223 2656 392 2722 prodeuntibus
408 2655 503 2704 initians
520 2656 602 2718 opibus
619 2657 693 2719 affert
708 2655 816 2716 esitium,
838 2671 924 2718 eaeque
937 2655 1063 2718 pressiores
1078 2652 1206 2718 intereunt,
1226 2672 1277 2705 euru
1295 2655 1347 2705 iicet

225 2741 302 2789 uitare
316 2740 390 2804 pestis
407 2738 498 2787 obsidia
512 2755 557 2802 per
573 2738 642 2787 aliud
657 2738 797 2788 vadentibus
814 2740 932 2804 effupinm.
957 2740 1014 2790 Sive
1026 2741 1106 2790 mavis
1118 2740 1257 2802 eodrntibus,
1270 2748 1299 2790 nt
1310 2750 1347 2790 est

225 2828 251 2873 in
264 2826 326 2874 Mss.
345 2827 422 2874 Forte
439 2832 524 2872 eutem
536 2824 673 2886 legendum
686 2825 787 2886 eiusque,
801 2832 830 2874 ut
841 2825 872 2872 ad
885 2820 915 2872 τὸ
926 2824 1001 2886 pestis
1012 2823 1141 2874 referatur.
1163 2826 1263 2874 Eodem
1279 2826 1345 2873 libro

226 2915 309 2972 capii
329 2906 400 2970 [Vol.
413 2907 448 2957 ΙΙ.
464 2923 488 2971 p.
502 2906 576 2970 451]:
598 2909 645 2957 nisi
661 2911 777 2959 curatoris
793 2907 882 2957 obsidio
895 2907 1004 2972 protinus
1022 2909 1113 2972 excepti
1127 2917 1192 2970 sunt,
1209 2907 1345 2975 drffupiunt.

195 2986 204 2997 ”
225 2995 279 3044 Nec
290 2995 394 3044 minoris
407 2994 548 3056 elegantiae
560 2992 650 3042 obsidio
662 2998 730 3058 apud
742 2994 870 3055 Plautum,
882 2993 1039 3054 Ciceronem,
1051 2993 1170 3043 Plinium.
1183 2994 1346 3044 Iste'Asinar.

226 3083 249 3139 2,
262 3084 285 3136 2,
301 3084 338 3126 15.
355 3078 448 3127 Herum
461 3078 485 3125 in
497 3076 615 3126 obsidione
627 3077 723 3141 linquet,
741 3077 858 3134 inimicitm
876 3077 967 3125 animes
984 3078 1085 3126 euenit.
1103 3078 1178 3128 Alter
1191 3085 1213 3128 5.
1226 3078 1306 3128 famil.
1320 3084 1345 3127 6:

225 3177 266 3210 nec
280 3170 366 3225 putant
381 3162 404 3210 ei
418 3179 521 3210 nummos
538 3162 616 3211 deesse
624 3179 702 3226 posse,
715 3162 757 3225 qui
767 3179 796 3211 es
807 3160 926 3210 obsidione
930 3163 1098 3224 foeneratores
1110 3163 1225 3212 meruerit.
1244 3163 1346 3212 Tertius

225 3247 251 3295 in
263 3248 357 3309 Paneg.
372 3244 441 3308 [81]:
459 3262 501 3294 nec
517 3245 630 3296 mediocre
643 3247 713 3310 pacis
727 3245 797 3295 decus
809 3245 938 3295 habebatur
949 3247 1056 3296 submoto
1069 3247 1159 3310 campis
1170 3246 1347 3309 irruptiofero·

225 3346 276 3378 rum
289 3338 311 3378 et
323 3329 441 3379 obsidione
453 3329 557 3392 quadarn
570 3330 683 3392 liberatus
694 3331 819 3395 aprestium
833 3330 907 3379 labor.

260 3413 349 3477 [ibid]
374 3403 405 3464 Ut
421 3431 487 3476 quem
507 3415 602 3478 pariter
623 3431 692 3464 casus
714 3424 736 3463 et
756 3431 798 3463 ors
816 3412 934 3478 pinxerit]
958 3417 1034 3466 Voss.
1052 3411 1091 3464 vd
1103 3424 1126 3464 et
1140 3432 1182 3464 ors
1198 3430 1243 3478 pro
1261 3418 1346 3465 nothis

225 3499 322 3547 habet
338 3497 410 3557 Quae
428 3500 478 3547 due
500 3500 625 3548 vocabula
642 3500 760 3562 ambigo,
783 3508 867 3548 utrum
884 3500 981 3548 lateant
997 3502 1023 3549 in
1042 3497 1081 3565 τῷ
1093 3500 1199 3563 pariter,
1219 3500 1346 3562 fueritque

191 3647 196 3655 .
224 3597 291 3645 quem
304 3599 346 3630 ars
359 3591 380 3630 et
391 3599 471 3644 casus,
491 3600 523 3633 an
535 3585 644 3634 voluerit
655 3585 771 3647 intelligi,
784 3585 926 3645 scribendo,
939 3593 967 3633 ut
977 3585 1004 3633 in
1015 3586 1171 3634 membranis
1183 3592 1231 3634 est:
1243 3593 1268 3633 ut
1279 3600 1345 3646 quem

222 3666 315 3729 pariter
326 3683 395 3715 rosus
404 3668 517 3731 pinxerit,
530 3671 634 3729 scilicet,
647 3684 698 3719 non
711 3684 750 3718 ars
762 3677 806 3718 eut
818 3669 911 3719 artifex
921 3662 1030 3718 'tantum

259 3750 348 3814 [ibid]
373 3752 429 3802 Non
446 3751 567 3824 iudicabat
582 3769 607 3800 se
623 3753 753 3816 exprimere
769 3753 793 3802 in
810 3770 836 3801 eo
848 3769 954 3816 spumam
967 3752 1101 3802 anhelantis
1110 3750 1190 3816 posse]
1212 3753 1279 3802 Dele
1290 3767 1346 3802 ver-

222 3839 283 3885 bum
300 3837 419 3886 ultimum
435 3839 505 3888 iussu
518 3838 595 3888 Voss.
607 3839 689 3887 Acad.
703 3838 769 3889 Gud.
782 3840 861 3898 Mem,
880 3853 988 3900 quorum
1005 3839 1056 3888 duo
1074 3839 1170 3902 priores
1187 3838 1262 3887 etiam
1280 3853 1304 3885 se
1320 3837 1345 3884 iu

223 3935 249 3967 eo
261 3935 398 3983 exprimere.

259 4002 311 4065 [36‚
330 4004 389 4067 104]
418 4003 473 4054 Cum
488 4006 598 4079 pinperet
614 4007 769 4071 Popppronta
785 4007 920 4056 retinentem
937 4023 1027 4070 equum.
1052 4004 1139 4054 Canem
1155 4005 1191 4053 ito
1202 4004 1346 4067 Pmtopenes

223 4089 363 4136 monstravit
378 4097 401 4136 et
408 4088 525 4153 fortuna]
549 4091 599 4140 Hic
616 4106 717 4154 quoque
733 4092 804 4140 loeus
822 4100 860 4140 est
877 4093 978 4141 habitus
996 4092 1110 4154 pessime.
1133 4091 1216 4140 Acad.
1234 4088 1345 4137 retinente

219 4180 331 4234 parietum
344 4173 379 4220 ito
389 4182 534 4238 protopenes
547 4174 584 4223 Ut
596 4183 621 4223 et
630 4175 697 4225 Gud.
710 4191 739 4224 ae
752 4177 862 4239 Menap,
874 4177 922 4225 nisi
935 4177 1005 4238 quod
1014 4189 1138 4237 ponecum.
1159 4175 1234 4224 Voss.
1247 4173 1346 4220 retinent

219 4270 342 4317 pomerum
361 4257 397 4304 ito
410 4266 557 4320 prorepenes.
580 4258 694 4309 Primum
712 4259 771 4309 satis
788 4258 836 4309 fuir
855 4261 938 4309 dicere
949 4259 1047 4310 Plinio:
1067 4273 1116 4306 cum
1126 4257 1236 4321 pingeret
1248 4254 1344 4318 Poppy·
