2918 4794
469 307 575 350 norun
590 307 633 348 ln
648 307 731 348 uma.
747 304 863 346 xxxiv.
878 303 984 344 xxxv.
1244 280 1285 344 93

140 505 145 514 ,
163 462 294 513 micorum
305 456 410 525 pentium
421 465 491 506 mont
502 455 624 521 imapinec.
647 456 723 506 Voss.
740 455 871 504 aminarum
882 452 986 518 pentium
999 450 1114 516 inopinos
1125 459 1186 502 erat.
1207 452 1286 515 Lege,

165 546 307 597 dandarum
322 541 425 609 pandum
441 541 557 604 inopinus
574 547 644 588 erant
658 538 749 601 adjicis
764 538 863 589 bostium
880 536 970 602 spolies.
992 535 1075 586 Notus
1087 549 1143 586 mos
1155 544 1181 585 et
1192 537 1287 599 passim

166 633 314 683 celebratae.
336 627 424 676 Livius
436 627 480 676 lib.
495 631 526 675 10
540 623 592 686 [7]:
611 639 708 686 quorum
726 622 806 672 domm
817 621 898 686 spoliis
910 621 1008 671 bostium
1021 619 1103 682 afficis
1114 620 1216 684 insipnes
1227 620 1289 670 inter

166 714 231 767 abac
241 710 362 777 semitis.
389 711 432 761 lib.
450 715 482 760 93
502 706 571 770 [23]:
599 708 641 771 qui
659 706 737 771 spolia
757 723 787 755 ea
807 706 872 755 hoste
884 706 943 768 fexa
963 705 1028 755 domi
1046 703 1165 754 baberent.
1193 705 1236 755 lib.
1256 712 1287 756 88

167 795 293 865 [ss,1t]:
315 802 450 845 sicaetera
464 791 543 856 spolia
559 791 610 841 sius
626 792 690 841 urbis
707 800 764 840 onte
779 807 872 840 currum
889 789 980 839 lotuncs
996 798 1018 838 et
1028 790 1128 853 fisurus
1144 787 1169 837 in
1182 789 1289 853 postibus

166 884 225 933 sub.
248 881 386 933 Suetonius
402 879 429 927 in
441 877 544 927 Nerone
558 874 624 939 [cap.
638 874 696 938 38]:
714 874 796 925 domus
805 874 937 939 prucorum
949 873 1033 925 ducum
1046 879 1155 922 arserunt
1167 870 1289 921 hostilibus

166 965 247 1016 adbuc
260 962 345 1028 spoliis
361 960 501 1011 adunatae.
519 962 635 1011 Venuste
651 968 736 1010 antem
754 960 816 1009 dicit
832 966 891 1008 ante
902 961 991 1009 domos
1003 959 1069 1008 visas
1082 955 1222 1006 domitarum
1232 971 1289 1020 pen·

168 1051 225 1100 aum
243 1046 366 1113 inopinos,
382 1047 410 1095 in
426 1046 488 1109 ipsis
500 1045 551 1095 illis
563 1045 660 1108 spoliis,
678 1059 743 1107 quae
756 1044 859 1094 domitis
870 1042 992 1106 victisque
1005 1044 1116 1091 detracta
1128 1048 1207 1101 erant,
1225 1055 1289 1104 qnae

168 1135 324 1187 domitarum
341 1129 457 1195 symbola
473 1135 663 1192 energumenis
675 1136 754 1177 erant.
773 1127 815 1177 Sic
824 1128 841 1175 1.
851 1131 893 1188 ei,
903 1133 918 1175 2
929 1123 964 1187 [6,
977 1122 1019 1185 15]
1036 1126 1107 1188 qnasi
1119 1127 1154 1174 ed
1166 1127 1290 1188 Magnum

167 1218 331 1282 Pompeium:
358 1213 445 1264 Nonne
461 1211 505 1262 illa
521 1211 622 1262 similior
637 1212 672 1260 tui
686 1219 720 1260 est
735 1213 823 1274 imapo,
844 1225 914 1273 quam
931 1207 1048 1259 Pirsnoei
1063 1208 1126 1272 iupis
1143 1207 1291 1272 imposuisti?

169 1303 290 1366 Sequitur
305 1301 332 1349 in
346 1300 423 1348 Voss.
439 1313 501 1360 quoe
518 1313 560 1346 nee
576 1296 675 1360 emptori
688 1297 786 1359 refipere
804 1293 890 1343 liceret.
908 1308 960 1342 non
977 1292 1117 1357 resrinpere.
1139 1293 1229 1344 Illndit
1243 1293 1291 1341 eibi

168 1385 309 1445 Pinianus,
325 1397 385 1432 cum
399 1381 530 1446 refrinpere
545 1383 589 1431 hic
604 1381 783 1443 interpretatur
799 1395 853 1430 ease
869 1379 988 1428 revellere
1000 1381 1032 1428 ad
1044 1379 1120 1429 huius
1136 1378 1195 1427 libri
1208 1391 1263 1442 cap.
1276 1384 1292 1426 4

170 1467 208 1532 [9,
220 1467 274 1530 ab}
292 1466 405 1530 Refipere
420 1473 459 1516 est
475 1466 596 1515 revellere
613 1464 653 1514 vel
665 1465 796 1515 detrahere
808 1465 835 1514 in
847 1463 950 1514 sublimi
965 1464 1054 1522 lixum
1070 1469 1100 1512 ιιι
1110 1462 1209 1524 resipere
1225 1477 1292 1510 aera

169 1552 262 1603 Cicero
273 1552 317 1601 lib.
330 1556 368 1600 12.
379 1549 459 1600 famil.
472 1555 483 1599 l
498 1548 551 1612 [2]:
564 1549 632 1598 cuius
643 1564 702 1597 aero
714 1549 812 1613 refipers
824 1547 970 1608 debebamus,
987 1546 1037 1595 eius
1051 1546 1122 1595 etiarn
1134 1544 1294 1610 cbiroprapbo

169 1634 323 1700 defendimus.
340 1637 440 1698 Dignst.
451 1633 504 1696 [lu
512 1642 553 1695 24,
560 1639 601 1696 22,
611 1630 651 1695 ῆι
664 1632 695 1684 Si
706 1632 741 1681 ad
751 1633 848 1681 mnuam
861 1631 1053 1694 mbulusfineris,
1066 1639 1088 1679 et
1099 1647 1141 1694 epo
1153 1647 1202 1692 eas,
1211 1633 1292 1695 prius-

170 1734 243 1782 quam
258 1717 301 1768 tibi
315 1717 464 1781 denuntiavi,
482 1718 589 1780 rejicere.
608 1719 701 1780 Virgil.
716 1715 795 1778 [Aen.
807 1724 835 1778 6,
847 1715 920 1778 622]:
930 1715 993 1778 fixit
1008 1715 1068 1780 lepes
1081 1717 1159 1779 pretio
1172 1723 1242 1779 atque
1257 1731 1293 1763 rc-

163 1803 232 1865 fixit.
249 1803 450 1868 Men.resripere.

206 1885 243 1950 [2,
249 1887 276 1951 8]
292 1885 349 1938 Cum
359 1887 479 1953 Scipionis
487 1887 604 1950 Africani
614 1887 736 1937 transisset
745 1885 844 1950 atrium]
857 1887 1010 1937 Hermolaus
1020 1886 1151 1948 scripserat
1160 1897 1214 1935 esse
1224 1884 1293 1933 codi-

171 1987 222 2033 ces,
231 1973 258 2022 in
267 1975 359 2037 quibus
368 1972 492 2038 Africani,
503 1989 554 2024 non
563 1972 729 2036 Pomponiani,
739 1974 860 2035 scriptum
871 1972 910 2022 sit.
923 1971 1056 2022 SedVoss.
1064 1969 1292 2020 GudAcadMen.

171 2065 202 2106 ut
213 2063 238 2107 et
249 2057 288 2106 Io.
300 2058 428 2108 Andreas:
447 2057 566 2123 Scipionis
574 2057 740 2121 Pomponiani.
758 2058 849 2107 deinde
859 2057 935 2106 Voss.
949 2054 1098 2106 Saluittonis.
1112 2057 1181 2105 Men.
1191 2060 1216 2102 et
1225 2053 1292 2103 Gud.

172 2138 312 2203 Soluimnis,
321 2144 537 2205 quemadmodum
546 2143 615 2191 idem
623 2144 747 2193 Andreas.
760 2144 845 2192 Locus
854 2140 1026 2191 insanabiliter
1034 2142 1192 2203 depravatus,
1202 2139 1294 2188 clamat

171 2225 314 2276 Pintianua.
332 2226 418 2276 Possis
430 2227 544 2290 accipere
553 2226 724 2290 Pomponium
736 2227 865 2289 quendam
876 2227 1024 2288 adoptatum
1037 2223 1181 2273 aOornelio
1191 2223 1245 2283 illo,
1257 2223 1296 2272 cui

173 2307 208 2358 ad
217 2309 368 2374 opprobrium
379 2309 443 2358 vitae
455 2308 579 2360 Salutioni
589 2325 713 2373 copnomen
725 2318 785 2372 crat,
804 2319 868 2360 teste
880 2309 1002 2360 Suetonio
1015 2308 1080 2357 Iulio
1099 2323 1153 2371 cap.
1168 2314 1207 2358 59.
1232 2308 1294 2359 Oee-

173 2400 255 2443 ternm
275 2394 310 2443 ibi
331 2409 433 2457 quoqne
453 2395 540 2458 scripti
560 2395 664 2458 quidam
685 2392 808 2444 Saluitoni
827 2402 852 2444 et
873 2391 1011 2443 Saluitioni.
1042 2392 1140 2442 Plinius
1159 2393 1203 2442 lib.
1223 2396 1245 2452 7,
1265 2397 1294 2442 12

174 2474 229 2539 [10‚
247 2474 304 2539 bd]:
331 2475 447 2526 Eiusdem
461 2477 577 2541 familiae
597 2476 707 2541 Scipioni
722 2486 777 2542 post
796 2493 847 2527 eum
868 2493 992 2542 copnomen
1013 2474 1107 2527 Salutio
1124 2476 1207 2525 mimus
1224 2475 1295 2525 dedit.

173 2561 256 2611 Aced.
273 2561 316 2611 hic
331 2576 433 2625 quoque
450 2560 566 2612 Soluicio.
593 2565 662 2612 Men.
679 2570 705 2612 et
720 2562 787 2614 Gud.
803 2561 919 2612 Saluitto:
941 2575 1079 2624 omnesque
1095 2575 1183 2609 nomen.
1211 2558 1295 2610 Canii-

174 2645 284 2695 ciebstn:
305 2643 420 2694 Eiusdem
427 2645 544 2708 familiae
560 2645 670 2709 Scipioni
681 2656 737 2710 post
751 2663 877 2711 copnomen
894 2645 998 2710 Salpitto
1014 2645 1097 2694 mimus
1113 2644 1185 2695 dedit.
1208 2648 1234 2697 A
1246 2649 1295 2697 sul·
1340 2671 1347 2685 ·

175 2729 245 2793 pittie
260 2730 312 2780 sire
328 2730 416 2794 alapis,
433 2732 524 2794 quibus
541 2746 570 2781 os
586 2732 658 2780 mimi
674 2733 836 2796 praebebant.
864 2732 984 2784 Glossae:
1012 2729 1148 2794 Salapina,
1166 2728 1294 2798 ῥάπισμα.

175 2814 306 2864 Amcbius
318 2815 361 2864 lib.
376 2818 389 2864 7
410 2813 478 2878 [cap.
491 2821 531 2865 33.
544 2831 569 2879 p.
582 2821 640 2867 574.
653 2815 793 2879 Hildobr.]:
811 2816 896 2867 Mimis
908 2814 944 2865 dii
952 2814 1065 2880 pandent,
1077 2828 1126 2867 etc.
1144 2815 1296 2878 delectantur,

176 2905 202 2946 ut
218 2913 256 2946 ree
272 2906 314 2960 est,
331 2897 478 2962 stupidorum
494 2898 612 2963 capitibus
627 2901 697 2960 rasus,
715 2900 870 2964 sulpictorum
886 2901 964 2949 sonitu
981 2909 1052 2962 atque
1066 2899 1166 2964 plausu,
1178 2902 1259 2965 factis
1276 2911 1299 2950 et

176 2979 246 3030 dictis
263 2982 378 3046 turpibus,
388 2983 538 3046 fascinorum
555 2983 682 3047 inperitiam
699 2985 790 3034 rubore.
815 2985 891 3045 Quod
909 2999 966 3034 meo
984 2985 1076 3033 indicio
1093 2996 1161 3035 recte
1176 2989 1297 3051 interpre-

176 3074 244 3117 tetur
259 3066 372 3131 Scaliger
387 3069 420 3117 ad
436 3068 579 3119 catalecta:
601 3082 649 3118 nec
664 3076 748 3132 potest
764 3068 838 3118 aliter
853 3068 940 3130 accipi,
959 3069 1077 3131 quicquid
1095 3071 1296 3131 tergiversantur.

176 3149 244 3201 Nam
256 3152 365 3200 tubarum
375 3151 465 3201 sonitus
475 3153 601 3216 patienter
613 3154 722 3212 auditur,
735 3155 778 3203 sed
791 3153 847 3215 quis
860 3167 947 3200 eurum
958 3152 1078 3214 plausus?
1096 3154 1133 3202 At
1145 3154 1189 3202 hic
1201 3157 1297 3217 optime

177 3236 296 3284 convenit
308 3236 400 3299 alapis:
413 3244 441 3286 ut
453 3240 520 3300 apud
530 3237 604 3288 Ovid.
616 3237 660 3287 lib.
675 3244 689 3286 2
704 3235 779 3299 [vers.
790 3234 852 3297 867]
865 3237 939 3285 Met:
950 3233 1018 3284 modo
1026 3244 1125 3299 pectora
1132 3239 1231 3300 praebet
1242 3237 1296 3288 Vir-

176 3318 248 3382 pineo
256 3317 398 3382 plaudendo
408 3336 487 3370 manu.
505 3322 572 3371 Nam
589 3330 758 3386 spectatorum
771 3323 888 3386 plausum
901 3321 1044 3384 intelligere
1056 3323 1191 3385 probibent
1203 3327 1296 3384 omnis,

72 3475 74 3478 y
178 3419 243 3466 quae
254 3406 409 3467 praecedunt
421 3413 447 3454 et
459 3414 607 3468 sequuntur,
620 3407 653 3455 ad
665 3420 718 3467 eos,
731 3407 773 3468 qui
786 3420 812 3454 se
826 3407 887 3455 dant
899 3408 1058 3469 spectandos,
1074 3423 1127 3456 non
1139 3411 1170 3458 sd
1182 3417 1297 3472 spectan-

178 3496 224 3548 tes,
241 3488 400 3551 pertinentie.
423 3488 549 3553 Salapitto
560 3498 647 3540 autem
659 3499 685 3541 et
695 3489 795 3554 salpitta
809 3492 871 3540 item
884 3500 912 3540 ut
927 3489 1027 3554 solpupa
1044 3500 1069 3540 et
1085 3490 1297 3556 schisma-Vide-

177 3580 218 3622 tur
229 3570 325 3621 iactum
342 3587 376 3622 ex
393 3567 547 3630 ἀλαπάζειν.
573 3574 682 3624 Glossee
698 3575 800 3625 iterum:
824 3574 948 3638 Alapatur
964 3570 1103 3632 ἀλαπάζει.
1125 3567 1297 3640 Ἠλάπακται,

177 3651 341 3717 ἀλαπακτός,
364 3651 513 3721 ἀλαπακιή,
534 3656 661 3721 salopicta,
682 3657 806 3721 salapitta,
827 3658 930 3722 salpista
951 3667 976 3708 et
995 3657 1103 3721 sulpitto.
1131 3661 1173 3711 Sic
1196 3662 1299 3713 Ovidius

178 3737 253 3789 Sticte
264 3740 327 3790 iacit
338 3740 467 3791 caniculae
477 3755 579 3801 nomen,
590 3749 615 3791 et
622 3743 720 3792 Latinis
732 3744 876 3793 huiusmodi
888 3743 986 3806 offensa,
995 3743 1087 3804 intrita,
1099 3744 1180 3806 rnmsc,
1193 3747 1298 3795 remisso.

177 3821 270 3874 Multis
287 3833 371 3874 summ
387 3825 520 3876 eGraecia
537 3827 563 3873 in
575 3825 676 3875 Latium
694 3828 881 3877 transeuntibus
897 3829 1020 3891 praeponi
1037 3845 1053 3877 a
1064 3828 1148 3879 fronte
1160 3830 1230 3881 illam
1243 3833 1299 3882 lite·

177 3919 241 3966 rem,
256 3907 344 3957 multis
360 3907 385 3956 A
400 3910 428 3958 in
443 3907 462 3957 I
473 3911 566 3959 mutari
583 3920 671 3960 notum
689 3920 734 3962 est.
757 3911 832 3961 Unde
848 3926 941 3961 nomen
957 3913 1156 3975 haudquaquam
1167 3916 1299 3978 indignum

178 3990 257 4038 mimo
270 3993 396 4053 provenit,
409 3992 513 4057 Salpritto
525 4009 541 4042 e
552 3992 659 4058 salpitta,
673 4003 701 4044 ut
713 3997 744 4045 ab
758 3994 812 4044 oleo
823 3994 883 4056 aleo,
896 4011 912 4045 a
919 3994 1017 4058 proedo
1026 3996 1126 4060 proedo.

214 4071 305 4135 [ibid]
330 4074 384 4124 Hoc
395 4078 456 4126 enim
468 4079 583 4142 eifuerot
594 4079 729 4143 copnomen)
748 4080 920 4144 Africanorum
933 4079 1047 4130 dedecora
1059 4091 1136 4131 notam
1150 4085 1298 4148 irrepentem]

178 4157 302 4208 Nesciunt
313 4160 375 4210 Mes.
387 4177 531 4224 pronomen
548 4162 580 4212 ei:
598 4164 715 4214 nesciunt
726 4179 814 4215 vocem
825 4173 915 4214 notam:
934 4167 978 4216 sed
990 4167 1110 4217 Vossian.
1128 4167 1299 4233 Africanorum

179 4237 406 4306 dedecoriinrepente
423 4245 558 4311 Scipionum
575 4247 668 4296 nomini.
692 4251 794 4313 Menap.
811 4249 877 4301 Gud.
895 4251 1017 4302 et¹Aced
1042 4250 1212 4315 Africanorum
1231 4253 1299 4302 dede·
