2918 4794
549 296 654 338 uonna
670 296 712 336 an
729 294 810 336 11111.
828 296 897 336 xxr.
1248 272 1287 337 25

168 457 294 499 stramento
306 448 401 514 operiri.
419 447 490 497 Idem
503 454 528 497 ct
539 447 658 507 Pintiani,
672 444 753 495 Alvos.
765 446 873 506 Rursus,
886 443 925 493 Et
934 456 1076 492 araneorum
1089 443 1180 508 quidem
1192 444 1287 494 critiam

166 533 267 594 facilius
282 542 325 596 est,
341 530 487 598 papilionum
504 530 581 579 maior
594 529 676 594 pasin.
698 527 800 579 Tollitur
815 544 876 590 aero,
895 526 945 577 ium
963 528 1098 576 maturescit
1114 527 1196 577 malva
1212 536 1287 589 nocta,

169 617 305 678 interlunio,
322 616 384 666 coelo
400 631 493 674 saeuo,
511 612 615 662 1111111111
632 610 733 662 lucernis
750 619 805 660 ante
820 611 907 660 alveos.
931 611 998 662 Gud.
1018 620 1043 661 et
1064 613 1167 676 Menap.
1182 611 1288 676 papilios

169 701 245 750 maior
262 701 362 750 lacernis
380 699 469 749 tollitur
484 714 545 747 vero.
563 699 646 748 Acad.
660 695 767 761 papilios
783 696 860 745 maior
877 694 976 744 lacernis
989 694 1078 744 tollitur
1089 712 1150 746 vere.
1169 696 1288 758 Andaga-

169 801 237 836 vens.
255 784 349 848 papilio
369 783 424 832 esta
444 782 522 832 maior
537 780 639 830 lucanis
662 779 751 830 tollitur
764 795 825 830 vero.
853 780 1048 830 Vetustissimns
1064 787 1090 829 et
1107 778 1182 830 chifl.
1195 780 1288 844 papilio
1366 831 1371 845 ⁸

166 869 241 933 pestis
252 869 328 917 maior
340 867 439 916 lucernis
452 864 540 916 tollitur
552 881 618 914 aaa:
627 865 718 915 deinde
730 879 827 926 omnes,
839 879 920 912 sereno
931 863 1036 913 1111111111
1048 871 1104 912 ante
1114 862 1189 912 alvos.
1206 864 1288 915 Nimi-

169 970 226 1003 rum
238 959 448 1017 transposuerunt
464 947 495 998 τὸ
509 949 617 1012 lucernis,
633 952 702 1013 quod
719 949 745 997 id
763 951 925 999 commodum
942 948 1029 999 locum
1042 963 1097 999 essa
1109 962 1162 998 non
1174 945 1290 1012 111111τῷ

169 1053 235 1098 vero,
258 1047 395 1101 postquam
410 1037 436 1085 id
452 1035 606 1085 admiserant
622 1034 720 1098 potins,
744 1031 833 1082 tollitur
849 1048 917 1095 vero,
939 1047 1016 1096 quam
1032 1031 1120 1081 tollitur
1136 1047 1202 1111 aere,
1219 1036 1289 1095 quod

169 1131 255 1170 tamen
266 1121 293 1168 in
304 1120 462 1169 Academico
475 1125 521 1170 est.
540 1118 708 1169 scribendum
719 1124 804 1168 autem
817 1124 883 1176 erat:
893 1114 994 1181 papilio,
1007 1116 1083 1165 maior
1092 1115 1175 1179 pestis,
1187 1114 1289 1165 lacernis

170 1202 266 1264 tollitur,
283 1217 343 1265 vere,
359 1218 410 1251 cum
426 1203 561 1252 maturescit
578 1200 666 1261 malva,
683 1208 759 1263 noctu,
775 1199 910 1262 interlunio,
925 1199 988 1249 coelo
1005 1216 1099 1262 sereno,
1115 1200 1219 1249 accensis
1234 1208 1290 1249 ante

170 1286 244 1336 aloes.
266 1288 348 1348 Dicit,
366 1302 419 1335 vere
435 1303 486 1336 cam
503 1286 642 1336 maturescit
658 1285 746 1336 malm.
767 1287 860 1336 Hieme
877 1287 943 1336 enim
963 1286 1064 1336 seritur:
1085 1300 1138 1335 nou
1154 1285 1208 1347 illa,
1225 1300 1290 1347 qnae

170 1387 256 1422 mense
272 1371 385 1433 Octobri,
401 1377 465 1422 teste
480 1371 598 1422 Palladio
615 1372 653 1421 tit.
673 1377 702 1421 11
724 1369 764 1433 [3]
783 1377 809 1419 11
825 1370 910 1420 Plinio
927 1370 971 1419 lib.
990 1375 1029 1427 12,
1047 1375 1062 1420 8
1082 1368 1135 1432 [54,
1156 1367 1226 1431 170]
1245 1371 1291 1419 sed

171 1469 235 1518 quae
247 1455 396 1516 Februario,
412 1463 442 1506 ut
454 1456 586 1507 Palladius
603 1457 641 1506 tit.
658 1462 691 1506 24
705 1453 754 1517 [9].
772 1455 906 1507 consentit
917 1454 1062 1506 Columella
1078 1455 1120 1504 lib.
1134 1461 1158 1516 9,
1173 1459 1203 1503 14
1217 1452 1253 1516 [1.
1265 1469 1290 1518 p.

171 1543 228 1586 461.
241 1536 344 1600 Schn.]:
357 1539 396 1589 At
408 1540 555 1604 aequinoctio
563 1540 651 1605 primo,
663 1538 730 1604 quod
739 1556 816 1589 masse
829 1540 921 1590 Martio
933 1540 998 1589 circa
1010 1547 1116 1589 octavam
1131 1536 1182 1590 Oet.
1194 1535 1292 1602 Apriles

75 1627 76 1631 ’
171 1621 196 1669 in
217 1630 301 1672 octava
317 1632 390 1688 parte
410 1625 493 1674 arietis
513 1625 635 1689 conficitur
654 1624 690 1677 ad
709 1620 814 1701 emortum
838 1623 1013 1690 Verqiliaram,
1034 1623 1084 1673 dies
1099 1623 1168 1672 vani
1183 1623 1293 1687 temporis

171 1704 286 1755 labentur
298 1705 555 1773 duodequinquapinta.
573 1711 623 1760 Per
635 1712 683 1760 hos
695 1711 807 1774 primum
819 1710 855 1759 ait
866 1725 926 1773 apes
939 1712 1063 1759 curandas
1075 1723 1139 1769 esse,
1152 1716 1201 1758 etc.
1218 1709 1292 1769 Mox,

172 1789 225 1837 item
236 1791 370 1855 papiliones
382 1793 497 1842 enecandi
510 1801 571 1842 sunt.
589 1795 624 1843 Et
635 1794 713 1843 infra:
730 1809 776 1856 quo
789 1801 889 1856 tempore
901 1792 1099 1857 malvaeflorent.
1117 1793 1234 1854 Denique
1245 1792 1293 1841 ibi-

174 1875 243 1923 demz
261 1874 397 1937 Aloeornm,
413 1892 464 1925 cnm
481 1872 527 1925 inel
542 1877 658 1938 eximitur,
674 1875 745 1926 inlini
759 1884 849 1940 oportet
865 1875 941 1925 eritas
957 1874 1128 1940 melissophyllo
1145 1882 1188 1923 ant
1200 1874 1293 1939 penato

100 1996 109 2012 .
175 1957 247 2019 tritis,
267 1967 309 2007 ont
324 1958 412 2008 medios
430 1959 486 2010 alba
501 1963 548 2011 oiie
560 1960 723 2026 praecinpere,
741 1969 768 2009 ut
778 1977 836 2025 apes
848 1960 986 2026 diffuqiant.
1004 1961 1064 2026 Opi.
1077 1959 1203 2008 Arborum.
1216 1959 1293 2020 signi·
1307 1969 1320 2013 7
1325 1967 1355 2015 79

175 2040 235 2091 ficat
252 2041 380 2106 Alteram,
396 2060 456 2095 nam
473 2047 541 2095 idem
557 2061 632 2096 mox:
654 2053 697 2094 aut
711 2044 801 2095 medias
817 2043 873 2094 alba
891 2045 936 2095 rite
950 2044 1083 2109 praecinpi,
1100 2045 1199 2108 Nempe
1214 2043 1292 2092 alitos.

172 2128 257 2176 Etiam
270 2129 313 2177 alii
326 2138 436 2192 quatuor
447 2130 545 2193 medias,
557 2131 691 2194 Andagav.
704 2131 781 2181 ctiam
794 2132 870 2194 plane
882 2129 996 2179 alvarum.
1014 2132 1037 2180 Ε
1050 2130 1202 2182 0111111111
1214 2126 1294 2176 medin

173 2217 272 2261 notant.
291 2212 333 2261 Sic
345 2223 371 2264 et
382 2230 437 2279 cap.
451 2222 483 2266 20
496 2214 548 2277 [86
563 2214 623 2278 149]
640 2216 716 2265 huius
729 2215 849 2265 21111111
868 2214 1048 2280 Melissoplryllo
1059 2215 1107 2264 siae
1119 2213 1255 2262 melittaena
1271 2212 1294 2260 si

81 2350 85 2357 ,
170 2304 335 2359 peranpantnr
352 2295 472 2361 alvearia,
490 2315 536 2348 non
545 2300 644 2364 sapient
658 2315 723 2363 apes.
747 2300 807 2362 Opi.
823 2298 846 2348 si
856 2307 1021 2364 pernnqantur
1037 2297 1093 2349 alui.
1113 2297 1181 2360 [Lib.
1197 2304 1293 2359 11‚10:

173 2379 305 2430 Novissimi
318 2383 420 2430 maxime
431 2381 555 2447 implentur
570 2383 644 2445 melle,
661 2382 713 2432 ideo
729 2399 815 2432 aversa
831 2381 886 2432 alvo
895 2384 958 2447 favi
973 2381 1113 2432 eximantur.
1131 2383 1173 2433 Sic
1186 2382 1256 2430 Men.
1268 2389 1295 2430 et

173 2465 240 2516 (iud.
262 2466 439 2529 Academicus,
455 2466 507 2516 ideo
523 2466 626 2517 aduersa
637 2467 691 2517 alvo
700 2469 765 2532 fauo
782 2484 817 2518 en.
835 2467 890 2518 Nec
907 2468 1005 2529 dubito,
1021 2469 1082 2531 quin
1095 2474 1120 2516 et
1131 2467 1167 2516 sic
1178 2465 1294 2515 fueritin

172 2549 255 2612 chifl,
268 2551 315 2600 etsi
328 2558 426 2602 tantum
439 2567 472 2602 ex
485 2569 516 2603 eo
533 2555 683 2615 notaverint,
702 2569 789 2601 aversa
806 2549 868 2602 alvo.
886 2552 987 2615 Vulgo:
1005 2550 1102 2615 ideoque
1119 2567 1202 2600 avaro
1218 2548 1292 2600 alveo.

171 2636 268 2684 Eodem
281 2637 325 2684 lib.
339 2651 394 2700 cap.
406 2644 436 2688 15
447 2636 500 2700 [15,
514 2635 571 2699 40]1
583 2636 686 2687 Aestiva
697 2636 830 2686 mellatione
841 2635 956 2686 (1111111111
964 2644 1058 2700 partem
1074 2634 1165 2686 Thasio
1177 2633 1294 2699 Dionysia

171 2719 258 2782 apibus
274 2719 376 2783 relinqui
387 2720 480 2785 placet,
496 2723 520 2771 si
531 2720 618 2786 plenae
627 2723 724 2786 fuerint
741 2721 798 2772 alai.
821 2723 863 2774 Sic
880 2721 1057 2773 chifletianus.
1079 2721 1175 2781 Nostri,
1192 2718 1296 2783 eipleni

163 2803 261 2862 suerint
277 2804 334 2854 alvi.
350 2804 565 2871 irainsanda
579 2805 718 2869 14511111.
734 2813 775 2868 22,
790 2812 822 2857 24
838 2805 891 2869 [511
907 2803 981 2868 10⁷]:
992 2805 1079 2855 Prima
1092 2805 1200 2870 propolis
1215 2804 1293 2861 alaea-

170 2903 222 2934 rnm
232 2887 331 2949 aculeos,
341 2897 387 2938 etc.
400 2890 471 2938 Idem
480 2890 594 2940 alvorum.
607 2892 663 2941 Lib.
670 2897 749 2951 30‚24
760 2889 870 2954 [patiam
880 2896 920 2952 30,
934 2897 973 2951 16,
984 2888 1107 2952 53,148]:
1118 2889 1227 2954 Sparsas
1236 2905 1294 2953 apes

171 2970 197 3017 in
214 2969 324 3018 alvearia
339 2970 431 3020 reverti.
449 2975 545 3023 Rursus
561 2975 641 3023 idem:
659 2976 683 3024 in
700 2972 762 3022 alvo.
781 2975 858 3036 Lege,
877 2973 902 3021 in
913 2973 987 3035 alvos,
1006 2982 1033 3023 ut
1045 2982 1070 3022 et
1081 2975 1220 3024 Pintianus.
1237 2975 1293 3024 Lib.

172 3058 212 3114 28,
227 3056 239 3103 7
255 3051 308 3115 [23,
324 3053 378 3116 19]:
395 3071 453 3118 apes
469 3056 539 3104 tactos
554 3055 669 3105 alveariis
680 3056 777 3120 supere.
795 3057 821 3107 Is
833 3059 899 3120 ipse:
917 3055 1026 3117 alvariis,
1045 3061 1114 3119 quod
1124 3061 1294 3120 praetermisit

171 3139 310 3189 Salmasius
322 3142 355 3190 ad
367 3140 447 3191 Solia.
459 3156 484 3204 p.
497 3146 547 3202 26,
565 3142 607 3190 ubi
624 3141 709 3190 locum
728 3141 804 3190 istum
816 3148 916 3190 tractat.
943 3141 1090 3192 Columella
1106 3155 1208 3204 quoque
1225 3143 1293 3192 dicto

170 3223 239 3271 loco:
252 3221 303 3271 alai
313 3222 456 3287 aperiendae
466 3232 520 3273 sunt
531 3223 726 3289 etfamiqandae.
744 3225 823 3289 Apud
832 3226 976 3275 Phaedrum
989 3239 1091 3289 qnoque
1102 3223 1152 3274 fab.
1166 3229 1205 3274 52.
1220 3223 1243 3287 [i
1256 3233 1294 3276 est

170 3306 222 3356 fab.
234 3314 258 3369 3,
273 3314 315 3370 13,
330 3307 357 3371 9]
376 3307 452 3357 Alvos
463 3309 562 3375 accipite
578 3318 600 3358 et
616 3309 676 3359 ceris
688 3326 746 3375 opus
757 3308 875 3372 irisandite
886 3312 912 3359 in
924 3311 1023 3374 scriptis
1035 3311 1109 3361 codd.
1122 3325 1176 3360 esse
1188 3316 1294 3360 testatur

171 3391 309 3443 Salmasius
321 3397 353 3444 ad
365 3395 422 3443 hist.
435 3393 504 3458 Aug.
517 3410 542 3458 p.
556 3399 614 3448 477.

207 3475 260 3538 [42,
280 3475 323 3538 72]
342 3476 404 3526 Aloo
421 3480 514 3528 concita
531 3480 675 3544 moriuntur]
693 3483 717 3533 E
730 3481 806 3533 Chifl.
819 3488 908 3533 notant
919 3479 973 3530 aloo
985 3481 1057 3530 circa.
1076 3481 1153 3533 Atta
1165 3483 1223 3544 lege
1235 3495 1293 3530 cum

171 3561 301 3620 fidissimo,
317 3560 371 3609 alvo
388 3563 443 3613 cita.
462 3565 505 3616 Sic
517 3567 560 3615 lib.
575 3572 615 3627 23,
635 3571 646 3614 1
662 3564 715 3628 [21,
742 3563 787 3627 36]
806 3563 868 3614 Aloo
885 3565 946 3614 citae
962 3564 1079 3629 sipninum
1091 3565 1194 3613 manime
1206 3564 1292 3615 condu-

171 3661 221 3693 cere
237 3643 394 3694 indubitatam
411 3655 452 3698 est.
469 3650 505 3699 Et
520 3664 575 3713 cup.
594 3651 607 3699 7
630 3646 690 3711 [73,
709 3647 769 3711 141]
788 3653 819 3700 de
835 3650 928 3699 sorbis:
945 3664 1000 3697 nam
1017 3650 1120 3698 recentia
1136 3649 1255 3698 stomacho
1271 3659 1295 3698 et

170 3728 224 3778 alvo
235 3730 296 3778 citae
310 3739 418 3794 prosunt.
436 3734 495 3782 Hoc
511 3749 613 3798 quoque
631 3734 760 3797 praecepit
771 3735 912 3783 Pintianus.
924 3734 1006 3784 Acad.
1020 3733 1086 3784 Gud.
1099 3736 1202 3799 Menup.
1215 3734 1292 3784 cona·

172 3820 230 3862 tata.
249 3815 383 3880 Andagav.
396 3817 475 3867 citato.

205 3897 269 3948 Gur.
289 3900 364 3950 XIII.
387 3899 440 3963 [45,
464 3900 507 3963 77]
529 3901 559 3951 In
580 3901 657 3952 eodem
679 3903 757 3952 Ponto
776 3910 844 3966 pente
860 3900 1007 3965 Sannorum]
1028 3903 1070 3954 Sic
1087 3903 1217 3965 Gelenius,
1235 3919 1291 3954 cnm

170 3982 307 4044 legeretur,
327 3983 351 4031 in
368 3983 446 4033 eodem
464 3986 597 4035 Pontiam
612 3987 675 4052 oiqet
691 4003 721 4036 ea
736 4003 833 4035 annona
848 3986 929 4038 mellis.
953 3989 1017 4039 Tres
1034 3989 1144 4039 codices:
1167 3988 1192 4037 in
1213 3987 1292 4038 eadem

170 4065 247 4114 Ponto
263 4065 334 4114 sitam
351 4076 431 4130 pentes
448 4086 581 4133 annonam,
605 4079 633 4121 ut
655 4081 681 4121 et
697 4071 832 4136 Andagar.
850 4074 898 4123 nisi
915 4076 982 4137 quod
1001 4089 1122 4123 annosum.
1145 4075 1248 4136 Potior,
1266 4075 1291 4124 in

169 4149 248 4198 eadem
264 4149 338 4199 Ponti
351 4151 399 4200 situ
413 4161 494 4217 pentes
511 4171 633 4205 annorum.
652 4156 762 4207 Pintiani
775 4159 864 4217 codex,
881 4157 905 4205 in
917 4157 994 4206 eodem
1007 4158 1081 4207 Ponti
1091 4159 1137 4207 sita
1148 4166 1215 4223 pente
1227 4157 1291 4210 San-

168 4249 256 4283 nornm.
275 4232 353 4298 Lege,
371 4236 395 4286 in
412 4237 490 4288 eodem
507 4240 581 4289 Ponti
597 4240 653 4303 sita,
667 4249 734 4306 pente
751 4240 894 4293 Suanorum.
912 4245 1019 4294 Poteras
1031 4246 1159 4308 suspicari,
1176 4245 1201 4294 in
1213 4243 1290 4294 eodem
