2918 4794
195 310 270 353 xxn
635 307 882 354 mondoum.

239 454 438 542 Saepissime
453 476 542 521 *vero
568 454 663 542 lapsu
688 454 803 522 calami
830 474 955 520 errores
982 452 1123 533 admisit,
1157 474 1175 517 0
1201 452 1321 539 quibus

196 575 331 655 apparet
352 587 425 632 eum
447 565 553 631 minus
574 573 695 630 attente
710 563 921 651 archetypum
935 562 1157 649 exscripsisse,
1179 583 1320 650 apogra-

195 677 296 763 phum
324 697 401 742 vero
433 698 497 740 non
526 674 647 760 ubique
678 674 816 763 repetita
846 673 983 741 lectione
1015 672 1246 739 emendavisse.
1279 670 1321 737 In

195 786 334 875 legendo
355 786 440 851 enim
462 785 536 872 plus
557 784 656 851 semel
676 784 838 852 aberravit
851 783 893 850 ab
908 782 1076 870 archetypi
1091 782 1205 860 literis,
1227 781 1321 849 cuius

196 897 312 962 erroris
335 894 483 982 exempla
497 895 629 962 collecta
647 917 668 960 a
688 894 781 963 nobis
796 905 871 961 sunt
884 893 975 973 haec,
998 915 1081 977 quae
1099 893 1228 982 singula
1240 892 1320 959 affe·
1399 972 1409 980 ι

196 1004 308 1084 rimus,
331 1027 396 1092 quo
416 1005 544 1072 facilius
565 1006 707 1092 corrupti
727 1005 783 1071 isti
804 1004 867 1071 loci
890 1003 1052 1070 emendari
1072 1003 1207 1089 possint.
1318 1054 1324 1065 .

262 1136 290 1189 A
306 1152 355 1204 pro
372 1139 397 1191 0
414 1154 440 1204 p.
459 1145 483 1201 8,
501 1145 542 1191 88.
851 1136 876 1188 0
893 1151 941 1201 pro
959 1136 986 1186 A
1003 1148 1029 1200 p.
1049 1141 1106 1197 180,
1126 1142 1149 1186 8.

263 1231 289 1282 A
305 1247 354 1298 pro
371 1233 396 1284 Β
412 1247 438 1297 p.
453 1238 498 1294 ι88,
517 1240 541 1284 8.
850 1230 873 1280 P
890 1244 939 1294 pro
957 1229 983 1281 G
999 1245 1024 1295 p.
1043 1235 1084 1292 88,
1102 1235 1144 1280 81.

264 1325 291 1375 A
307 1340 355 1390 pro
373 1326 400 1375 V
416 1341 442 1390 p.
460 1331 519 1388 848,
538 1329 561 1378 7.
850 1322 873 1372 P
889 1338 937 1387 pro
955 1324 979 1374 Τ
995 1338 1021 1387 p.
1039 1328 1064 1385 8,
1085 1328 1124 1373 18.

266 1416 288 1468 G
305 1432 354 1482 pro
372 1416 398 1470 G
413 1433 439 1482 p.
458 1423 516 1480 840,
535 1424 559 1469 1.
850 1415 873 1465 P
889 1430 938 1481 pro
953 1417 979 1468 Y
995 1430 1021 1482 p.
1039 1421 1081 1478 88,
1099 1422 1123 1468 8.

266 1509 289 1560 0
304 1525 352 1575 pro
370 1511 395 1562 'r
411 1525 437 1576 p.
455 1516 513 1573 roa,
531 1518 574 1562 24.
851 1509 876 1559 Β
892 1524 939 1574 pro
956 1509 1024 1575 Ap.
1045 1515 1102 1571 mr,
1122 1514 1162 1560 rc.

266 1602 318 1654 GT
334 1618 382 1669 pro
399 1606 425 1656 Y
441 1620 466 1669 p.
487 1609 543 1667 181,
563 1610 602 1655 18.
850 1604 876 1654 Β
892 1618 939 1667 pro
956 1603 997 1654 IL
1013 1618 1039 1667 p.
1057 1607 1116 1664 888,
1134 1609 1157 1653 4.

266 1696 286 1746 (1
303 1712 351 1761 pro
367 1696 393 1748 N
408 1713 435 1762 p.
453 1703 495 1760 88,
514 1704 555 1748 80.
850 1696 875 1746 Β
891 1711 939 1762 pro
956 1697 980 1747 L
997 1711 1022 1761 p.
1040 1700 1099 1758 888,
1118 1700 1159 1746 88.

266 1790 286 1840 (1
303 1806 350 1856 pro
368 1791 391 1845 P
407 1805 433 1856 p.
451 1797 509 1851 880,
528 1797 552 1842 8.
850 1792 875 1842 Β
890 1805 937 1856 pro
954 1789 985 1839 M
1001 1802 1027 1854 p.
1046 1796 1086 1852 88,
1105 1795 1130 1840 8.

264 1886 352 1950 Ppro
370 1885 389 1934 θ
406 1901 431 1951 p.
451 1891 509 1947 188,
527 1889 568 1936 88.
851 1885 876 1935 Β
892 1899 939 1949 pro
955 1883 981 1935 N
998 1897 1023 1947 p.
1042 1887 1083 1945 86,
1103 1889 1126 1934 8.

265 1978 290 2030 G
306 1993 353 2042 pro
372 1977 394 2029 O
410 1993 435 2042 p.
456 1981 511 2038 170,
530 1984 554 2029 8.
850 1976 876 2027 Β
892 1992 939 2042 pro
956 1977 1021 2040 Pp.
1039 1983 1098 2038 840,
1118 1983 1141 2026 1.

264 2070 278 2119 1
295 2085 342 2134 pro
358 2070 381 2120 L
399 2085 425 2134 p.
442 2077 484 2133 88,
504 2075 542 2120 18.
851 2070 877 2121 Β
893 2085 941 2134 pro
958 2069 983 2119 Y
999 2085 1025 2134 p.
1046 2074 1102 2131 158,
1120 2075 1144 2120 8.

264 2162 279 2211 I
295 2178 344 2227 pro
362 2161 382 2214 S
398 2179 423 2228 p.
444 2167 483 2226 78,
504 2168 543 2213 18.
852 2161 871 2213 S
888 2177 934 2237 pro
952 2162 974 2212 P
992 2177 1017 2227 p.
1035 2168 1094 2225 840,
1112 2169 1136 2213 8.

264 2255 279 2305 1
295 2271 342 2320 pro
359 2258 383 2309 Τ
399 2272 425 2322 p.
443 2263 502 2320 818,
523 2263 561 2309 18.
850 2254 870 2308 S
887 2271 933 2321 pro
951 2255 966 2305 1
982 2270 1006 2321 p
1026 2261 1083 2318 884,
1104 2262 1144 2307 18.

263 2351 287 2401 L
303 2364 350 2416 pro
367 2349 389 2403 0
405 2366 430 2416 p.
450 2353 490 2415 74,
509 2358 532 2404 8.
849 2348 869 2402 S
886 2365 933 2416 pro
949 2349 975 2401 N
990 2365 1016 2414 p.
1036 2354 1076 2412 88,
1095 2355 1137 2401 88.

263 2445 286 2495 1.
303 2460 351 2509 pro
368 2444 383 2495 1
398 2460 424 2509 p.
442 2451 484 2506 88,
504 2452 543 2495 18.
849 2445 874 2495 Τ
891 2458 938 2509 pro
956 2443 978 2495 0
995 2457 1020 2508 p.
1038 2449 1097 2505 888,
1119 2449 1141 2493 1.

263 2539 286 2589 L
303 2552 351 2602 pro
368 2538 394 2588 Β
410 2553 435 2602 p.
454 2545 496 2600 80,
516 2542 556 2589 18
821 2535 825 2542 ’
850 2536 874 2586 Τ
891 2550 940 2599 pro
956 2535 971 2585 1
986 2551 1012 2599 p.
1031 2540 1090 2596 840,
1110 2540 1151 2585 18.

264 2629 302 2681 LI
319 2644 366 2692 pro
384 2629 409 2680 U
426 2644 451 2693 p.
471 2630 512 2692 70,
529 2635 553 2679 8.
852 2628 876 2678 Τ
893 2642 940 2692 pro
957 2627 981 2678 L
998 2642 1024 2691 p.
1043 2632 1084 2690 88,
1102 2634 1127 2678 8.

265 2722 296 2770 Μ
313 2736 359 2785 pro
375 2719 435 2772 ΧΑ
450 2736 477 2787 p.
496 2726 537 2784 58,
555 2725 595 2772 18.
851 2720 875 2771 Τ
892 2735 941 2784 pro
959 2719 978 2773 S
994 2736 1019 2785 p.
1038 2722 1078 2783 87,
1099 2727 1138 2771 11.

265 2815 290 2866 N
306 2829 354 2879 pro
372 2814 425 2866 AL
441 2831 470 2884 p.
488 2819 545 2876 108,
563 2821 586 2865 0.
852 2815 876 2865 Τ
893 2829 940 2878 pro
957 2815 984 2865 X
1000 2830 1025 2879 p.
1043 2821 1085 2877 88,
1105 2819 1144 2866 18.

265 2906 291 2958 N
307 2923 355 2973 pro
373 2906 423 2960 AS
439 2924 465 2972 p.
484 2912 543 2970 848,
563 2912 603 2958 18.
851 2907 877 2959 U
892 2923 941 2972 pro
957 2908 1000 2960 LI
1016 2925 1041 2975 p.
1061 2914 1101 2972 10,
1121 2915 1144 2960 1.

266 3002 291 3053 N
307 3017 355 3066 pro
373 3003 398 3052 Β
415 3016 440 3066 p.
458 3005 500 3064 88,
520 3007 542 3051 1.
851 3001 877 3053 U
892 3017 940 3066 pro
956 3002 982 3053 N
998 3018 1023 3068 p.
1042 3006 1101 3065 847,
1121 3010 1160 3054 14.

265 3095 291 3146 N
308 3110 356 3160 pro
374 3095 401 3146 V
418 3109 443 3159 p.
461 3101 520 3157 801,
540 3101 578 3146 18.
850 3096 903 3148 U'l'
919 3111 967 3161 pro
984 3096 1028 3148 IN
1044 3112 1070 3162 p.
1089 3100 1148 3160 887,
1168 3103 1208 3148 11.

598 3191 625 3242 X
642 3207 689 3256 pro
705 3191 733 3242 A
749 3205 775 3258 p.
794 3196 852 3255 801,
871 3197 911 3241 84.

240 3303 332 3369 Idem
363 3315 498 3391 puncta,
537 3326 619 3389 quae
649 3305 838 3394 compendia
865 3305 1027 3371 scribendi
1059 3306 1238 3373 indicarent
1268 3309 1322 3375 vel

198 3414 464 3501 interpunctionis
486 3415 591 3501 gratia
612 3415 687 3479 addi
714 3414 887 3492 deberent,
917 3414 1003 3479 haud
1033 3438 1106 3482 raro
1131 3418 1255 3497 omisit,
1285 3431 1323 3483 ut

198 3525 367 3592 afferamus
388 3526 522 3613 cpibant
534 3546 594 3611 pro
608 3523 833 3612 opib-[us]unt
846 3525 881 3607 (i.
897 3546 925 3590 0.
941 3527 1054 3613 apibua
1076 3533 1161 3611 aaut)
1176 3553 1207 3616 p.
1225 3530 1275 3606 11,
1291 3531 1321 3595 2.

240 3652 381 3731 Deinde,
402 3653 490 3738 quod
510 3651 661 3718 facillime
682 3651 799 3718 accidit
819 3652 854 3719 in
868 3654 1019 3720 continua
1035 3656 1213 3741 scripturae
1227 3656 1320 3735 serie,

200 3765 299 3830 semel
320 3763 415 3829 modo
437 3761 565 3849 scripsit
586 3761 785 3847 antiquarius
806 3763 929 3830 literam
951 3765 1003 3830 vel
1029 3765 1196 3850 syllabam,
1225 3788 1321 3850 quam

200 3873 362 3960 duplicem
383 3893 514 3939 exarare
534 3871 683 3952 debebat,
707 3896 781 3939 cum
805 3874 918 3940 eadem
938 3874 1031 3941 litera
1051 3876 1084 3941 in
1105 3875 1169 3942 fine
1189 3898 1321 3963 praece·

201 3983 306 4048 dentis
326 3982 472 4050 vocabuli
493 3984 579 4050 etin
600 3983 693 4050 initio
721 3985 884 4070 sequentis
912 3985 1060 4071 ponenda
1086 3988 1210 4066 fuisset,
1237 4010 1265 4054 e.
1287 4009 1321 4074 g.

202 4094 400 4159 cibumatura
420 4118 480 4182 pro
501 4097 604 4162 cibum
618 4107 745 4162 motura
763 4117 796 4182 p.
813 4094 886 4174 114,
901 4096 953 4175 26,
975 4098 1087 4182 quince
1100 4119 1159 4184 pro
1173 4101 1250 4185 quin
1266 4120 1323 4164 nec
