2918 4794
180 260 221 323 96
671 284 814 329 aeonem

180 433 350 483 vetustissimo
362 433 406 494 sie,
424 432 539 496 inpendo
554 431 624 495 CXI,
637 442 663 485 et
675 433 771 483 denarii
780 435 885 484 verbum
896 435 1012 486 additum
1022 434 1214 490 numerosioris
1226 453 1305 490 manu

180 524 206 564 at
225 513 318 565 Oloco
339 517 435 568 deletili
451 518 582 582 scriptum.
610 518 677 570 Satis
698 520 804 568 curiose.
831 521 865 569 lit
885 521 912 569 in
931 521 994 570 meis
1012 522 1114 584 quidem
1133 523 1213 575 tribus
1230 523 1305 575 iuxta

180 602 281 650 invenio
301 599 424 665 inpendo
448 599 514 652 OXI
536 601 588 652 den.
620 606 664 653 sed
690 605 737 653 hos
763 617 846 666 neque
871 605 1056 654 vetustissimos
1080 621 1163 669 neque
1194 611 1304 672 optimos

179 700 270 736 vocare
285 686 375 740 ausim·
400 687 439 736 At
455 688 496 736 cui
513 688 561 738 soli
579 687 667 737 titulus
684 695 789 750 uterque
809 688 940 752 congruit,
961 689 982 739 is
1000 690 1077 752 longe
1100 691 1185 753 aliter,
1211 708 1304 757 nempe

179 767 292 832 inpendo
309 769 351 820 UI
364 770 397 820 X
407 786 432 831 1,
447 772 497 820 hoc
509 778 556 834 est,
572 771 597 819 in
611 770 690 834 pondo
707 787 749 820 seu
764 769 877 820 denarius
894 788 962 822 unas.
984 773 1060 832 Puta,
1075 774 1102 822 in
1113 774 1191 825 libras
1203 777 1304 826 obolus.

178 855 246 903 Nam
261 855 378 905 denarius
394 855 473 905 babet
489 869 536 905 sex
551 855 650 906 obolos:
669 858 713 906 sed
732 855 824 905 obolus
837 856 937 907 Atticus
949 871 1069 907 nummus
1081 865 1126 920 est,
1143 873 1196 908 non
1207 860 1303 909 Roma

178 954 238 1001 nus3
256 940 353 990 assibus
369 947 455 989 autem
471 939 512 989 vel
528 942 648 991 sestertiis
666 942 693 989 id
709 941 819 1003 pretinm
836 940 940 990 delinire
956 940 1093 992 molestum
1111 951 1165 993 erat
1179 942 1302 1002 laturum,

178 1039 257 1087 quum
273 1024 401 1075 sestertius
418 1023 512 1075 laceret
524 1025 629 1075 obolum
641 1031 667 1074 et
678 1026 810 1075 dimidium
825 1026 888 1086 eius,
906 1025 998 1075 obolus
1014 1035 1099 1076 autern
1110 1042 1178 1077 asses
1189 1027 1264 1078 binos
1277 1038 1303 1078 et

178 1108 250 1158 binos
263 1109 375 1159 trientes.
397 1108 460 1159 Ideo
477 1110 513 1160 sic
530 1111 600 1173 loqui
611 1111 711 1160 maluit.
729 1109 865 1160 Caeterum
877 1111 984 1159 ridenda
995 1112 1112 1162 socordia
1123 1112 1207 1162 nescio
1219 1114 1301 1174 cuius,

178 1193 221 1255 qui
237 1193 353 1244 editionis
366 1193 515 1244 Stoerianae
531 1195 639 1257 margini
652 1195 747 1244 adierit
758 1195 892 1244 Budaeum
903 1194 945 1243 hic
957 1195 1009 1258 legi
1019 1194 1086 1244 velle
1099 1194 1124 1243 in
1136 1194 1216 1259 pondo
1228 1194 1308 1246 XVI

179 1275 280 1326 tahath.
306 1278 433 1328 Nimirum
450 1280 483 1327 ad
501 1279 570 1327 hunc
586 1278 672 1328 locum
684 1279 778 1337 retulit,
797 1293 862 1342 quae
872 1279 992 1328 Budaeus
1003 1279 1213 1330 haband-verba
1224 1281 1302 1331 Plinii

179 1364 210 1410 de
222 1364 317 1412 Libero
330 1373 402 1426 patre
415 1362 534 1412 Aristidis
550 1360 638 1426 [supra
650 1369 674 1423 4,
687 1367 712 1423 8,
725 1360 779 1424 24]Ι

213 1445 266 1508 [20‚
280 1444 324 1508 38]
347 1445 456 1495 Pretium
468 1445 518 1495 eius
529 1446 555 1494 in
568 1445 641 1494 libras
651 1445 717 1494 aeris
728 1444 842 1509 quinque]
865 1447 944 1497 Voss.
961 1445 987 1494 in
1002 1445 1077 1496 libras
1089 1447 1123 1498 X
1137 1463 1167 1513 Vl.
1183 1450 1226 1513 qui
1242 1459 1302 1500 sunt

114 1518 122 1523 ’
178 1531 273 1581 denarii
294 1545 347 1580 sex.
375 1530 441 1580 Gud.
462 1532 530 1580 Men.
552 1524 633 1580 Aead.
652 1529 754 1593 pretium
775 1530 825 1579 eius
846 1530 872 1579 in
893 1529 954 1580 libra
970 1529 1048 1582 XVI
1059 1530 1083 1581 cl.
1110 1540 1139 1581 ut
1159 1541 1185 1583 et
1200 1534 1301 1584 Budaei

179 1617 287 1666 codices.

213 1700 266 1764 [25‚
279 1699 324 1763 43]
351 1699 491 1749 Librarium
506 1699 606 1764 pummi,
626 1700 744 1748 tectorium
759 1698 849 1762 plutino
865 1697 978 1762 sumam]
1005 1701 1083 1750 Voss.
1099 1716 1192 1750 mmme.
1218 1702 1299 1764 Lege:

180 1788 253 1838 Omne
269 1794 346 1835 autem
364 1793 520 1834 atramentum
536 1784 583 1834 sole
597 1785 728 1849 perficitur,
749 1783 872 1834 librarium
891 1800 991 1850 pumma,
1013 1785 1131 1834 tectorium
1146 1785 1237 1850 plutino
1253 1785 1298 1834 ad·

176 1872 256 1922 aristo.
275 1872 324 1921 Hic
336 1872 403 1920 enirn
416 1877 454 1920 est
466 1871 591 1920 ablativus
603 1885 619 1918 a
630 1869 737 1934 pannis

211 1958 275 2007 (lar.
287 1955 342 2006 VII
360 1953 413 2016 [33‚
432 1952 475 2016 tv]
502 1953 619 2002 Publicae
635 1953 742 2017 porticus
761 1953 880 2002 investivit
898 1953 1019 2018 purpura]
1048 1955 1090 2006 Sic
1111 1956 1263 2006 Hermolaus
1285 1972 1298 2005 e

177 2042 264 2091 codice
280 2041 360 2090 veteri
376 2037 436 2101 (nec
451 2039 525 2089 aliter
540 2046 591 2088 tres
607 2037 708 2100 nostri),
724 2053 783 2088 cnm
797 2046 862 2089 esset
874 2038 1004 2102 occupavit.
1027 2039 1076 2090 Sed
1088 2040 1132 2089 ille
1144 2041 1219 2090 toties
1233 2041 1298 2103 opti·

176 2141 233 2177 mus
245 2127 361 2175 inventus
373 2125 450 2174 Voss.
465 2121 571 2186 porticus
583 2123 695 2170 ecuravit.
711 2132 773 2187 puto
786 2121 913 2182 decoravit,
926 2132 954 2174 nt
966 2125 1080 2188 sequenti
1092 2140 1146 2188 cap.
1159 2121 1233 2187 cliyna
1246 2123 1298 2172 hoa

173 2210 275 2274 picturis
291 2206 460 2257 condecoravit
482 2208 526 2257 lib.
540 2212 608 2269 36,5
628 2204 664 2269 [4,
678 2204 735 2268 38].
753 2207 878 2272 Aymppae
894 2206 1028 2256 Pantheum
1046 2205 1297 2272 decoravitDt'oyeaas

176 2294 346 2344 Atheniensis.

210 2381 274 2431 (Iar.
292 2380 367 2429 VIII.
386 2377 440 2441 [34,
454 2377 498 2441 54]
526 2353 670 2428 Οσλιόνσηόο
683 2377 785 2442 pictores
801 2393 871 2440 quam
887 2375 1147 2440 statuarioeauctores]
1171 2377 1221 2438 Qui
1238 2387 1297 2427 sant

174 2468 216 2516 isti
235 2473 343 2515 auctores
362 2463 497 2513 statuarii?
524 2460 602 2514 Voss.
618 2462 749 2511 statuarios
769 2470 847 2511 actore
867 2470 894 2510 ut
914 2461 958 2511 has
975 2461 1130 2526 primumque.
1156 2462 1226 2525 Lege
1243 2463 1297 2511 sine

175 2552 263 2602 dubio:
286 2566 356 2613 quarn
372 2547 503 2597 statuarios
519 2563 549 2595 ac
566 2555 676 2596 tarentas.
699 2547 770 2608 Quos
787 2547 848 2597 alibi
864 2545 994 2595 caelatores
1011 2555 1093 2607 vocat,
1110 2552 1135 2595 et
1146 2553 1226 2596 artem
1238 2547 1296 2595 illo·

174 2651 231 2686 rum
245 2634 376 2684 toreuticen.
395 2650 450 2697 cap.
466 2638 496 2682 10
510 2630 574 2693 [non
586 2640 653 2681 recte
666 2632 785 2682 indicavit
796 2631 890 2681 locum.
912 2631 995 2680 Debet
1007 2645 1073 2680 esse:
1092 2637 1133 2691 34,
1147 2636 1170 2690 8,
1187 2635 1225 2690 13,
1240 2627 1295 2690 34];

172 2719 309 2782 primusque
334 2725 408 2765 artem
435 2716 559 2765 toreuticen
581 2716 701 2779 aperuisse
721 2724 792 2779 atque
813 2714 985 2764 dernenstrasse
1003 2713 1087 2763 merito
1107 2712 1297 2764 iudicatur.1n

111 2801 160 2847 833
174 2802 319 2858 auctoribus
334 2801 455 2850 librorum
473 2804 514 2849 33.
532 2809 557 2849 et
573 2806 613 2872 34
636 2799 817 2860 Menaechmus,
834 2815 875 2862 qui
872 2797 920 2846 'de
937 2796 1045 2846 toreutice
1060 2797 1162 2862 scripsit.
1185 2799 1219 2848 IIt
1234 2807 1297 2847 nota

14 2868 23 2880 ”
175 2893 312 2936 toreumata.
336 2885 379 2936 Sic
394 2885 498 2942 invenit,
515 2885 550 2934 sic
568 2868 697 2949 expedivit
713 2885 782 2935 hunc
799 2885 884 2933 locum
897 2884 1077 2933 etPintianusr
1096 2879 1183 2932 sedrh
1197 2890 1253 2941 tam,
1270 2884 1296 2931 in

174 2987 225 3036 quo
245 2971 288 3020 ille
309 2970 457 3019 collocando
478 2969 585 3031 laborat,
606 2977 717 3034 quatuor
737 2971 817 3019 nostri
839 2984 891 3017 non
911 2975 1061 3030 agnoscunt.
1087 2968 1121 3016 Et
1137 2977 1204 3018 certe
1220 2967 1296 3024 Plinii

174 3072 245 3108 mens
261 3056 326 3106 illud
341 3056 465 3120 repudiat,
483 3056 699 3118 quemadmodum
716 3052 795 3118 (qnae
812 3055 894 3103 altera
908 3053 1023 3102 Pintiani
1039 3052 1184 3101 coniectura
1196 3048 1246 3112 est)
1264 3046 1295 3099 τὸ

173 3154 245 3205 quam
263 3142 330 3191 demi
347 3156 400 3190 non
415 3141 517 3204 patitur.
539 3141 648 3190 Miratur
665 3139 733 3189 enim
749 3138 827 3188 fuisse
839 3139 881 3202 qui
894 3139 1031 3186 scriberent
1046 3137 1145 3186 nobiles
1162 3137 1297 3186 statuarios

173 3238 199 3277 et
214 3235 326 3276 toreutas
343 3226 463 3276 claruisse
478 3224 575 3287 aliquot
587 3223 781 3287 olympiadibus
797 3230 933 3285 antequam
950 3223 1067 3285 pictores,
1085 3232 1110 3270 et
1122 3221 1170 3270 hos
1183 3221 1298 3283 coepisse

174 3313 276 3360 demum
288 3310 360 3358 nosci
373 3309 524 3372 Olympiade
537 3309 709 3370 nonagesima,
723 3322 801 3369 quum
814 3314 914 3355 constet
925 3307 1035 3356 Phidian
1048 3319 1095 3355 etc.

209 3392 296 3457 [Ibid]
328 3392 485 3457 Clypeumqne
501 3391 603 3440 Athenis
623 3392 655 3439 ab
676 3407 702 3439 eo
716 3388 816 3454 pictum]
844 3391 926 3439 Acad.
944 3391 1013 3440 Men.
1032 3389 1097 3440 Gud.
1119 3388 1297 3454 Olpvrpiumque

173 3479 252 3529 Ionem
268 3476 369 3526 Athenis
386 3478 418 3524 ab
435 3493 461 3525 eo
475 3477 570 3540 pictum.
594 3477 669 3526 Voss.
690 3463 848 3539 Otppeumque
864 3473 975 3522 Athenis.
1002 3476 1096 3524 Manna
1112 3476 1221 3524 secunda
1238 3473 1298 3522 fecit

173 3563 332 3627 clypeumque.
358 3562 393 3611 Et
409 3562 451 3610 hio
472 3577 529 3610 meo
548 3561 661 3625 periculo
678 3560 770 3610 scribe:
797 3557 976 3622 Olympivmque
993 3557 1096 3606 Athenis
1111 3560 1142 3606 ab
1159 3574 1185 3606 eo
1199 3557 1297 3621 pictum.

175 3649 289 3709 Quaeris,
302 3648 358 3710 quis
370 3649 462 3697 sitista
475 3644 613 3711 Olympius?
631 3645 752 3694 Pericles.
771 3645 814 3694 lib.
825 3650 865 3703 34,
876 3650 890 3693 8
902 3641 955 3704 [19,
968 3640 1023 3704 74];
1034 3641 1071 3690 Et
1083 3641 1213 3707 Olympiam
1226 3641 1298 3690 Peri-

174 3731 230 3780 clem
240 3731 335 3796 dipnum
344 3730 486 3795 capnomine.
502 3731 648 3793 Iterumque
659 3727 712 3791 [19‚
721 3727 778 3790 81]:
788 3727 891 3777 Periclis
901 3727 1005 3792 Olympii
1012 3726 1111 3776 vernula
1119 3725 1220 3788 hicfuit.
1232 3726 1298 3775 Dio·

174 3819 250 3867 dorus
263 3816 362 3866 Siculus
375 3817 420 3867 lib.
432 3823 462 3865 12
474 3813 525 3876 [40.
536 3816 637 3865 Vol.V.
647 3831 672 3878 p.
680 3819 720 3864 83.
731 3816 769 3863 ed.
780 3811 863 3877 Bip.]:
880 3806 970 3862 Ταῦτα
982 3809 1014 3861 δὲ
1024 3809 1129 3878 ,badium
1140 3805 1298 3860 συνετέλεσε

174 3898 219 3949 διὰ
237 3900 283 3967 τὴν
301 3897 444 3966 δεινότητα
465 3899 514 3948 τοῦ
531 3894 628 3963 λόγου·
650 3889 682 3947 δι’
703 3895 734 3962 ἣν
751 3894 839 3946 alt-iar
858 3894 1006 3963 ὠνομάσθη
1026 3887 1178 3956 Ὀλύμπιος.
1205 3895 1248 3943 lib.
1268 3901 1298 3944 13

176 3982 228 4046 [38.
241 3986 302 4035 Vol.
314 3986 348 4034 V.
361 4001 386 4048 p.
396 3989 453 4034 420.
465 3987 503 4033 ed.
514 3981 598 4047 Bip.]:
617 3976 750 4046 Περικλῆς
762 3979 776 4028 ό
791 3975 956 4045 Περικλέους
966 3980 1015 4029 τοῦ
1027 3974 1301 4045 προσαγορευθέντος

174 4066 242 4116 κατὰ
254 4067 301 4134 τὴν
315 4065 428 4129 δύναμιν
439 4059 591 4127 Ὀλυμπίου.
612 4065 702 4128 [Forte
718 4061 786 4114 κατὰ
803 4063 850 4129 τὴν
863 4065 912 4114 τοῦ
924 4060 1007 4128 λόγου
1020 4061 1132 4124 δύναμιν
1144 4054 1297 4122 Ὀλυμπίου.

174 4154 216 4202 Ex
236 4152 360 4202 Inserend.
381 4169 406 4218 p.
420 4150 491 4213 846]
522 4153 696 4213 Hermogenes
717 4151 743 4199 in
764 4150 943 4213 partitionibus
966 4146 1001 4210 [t.
1018 4149 1080 4199 Vol.
1097 4148 1146 4197 III.
1168 4163 1192 4210 p.
1209 4151 1250 4194 43.
1272 4146 1299 4194 in

175 4237 261 4287 Rbett.
278 4235 383 4298 Wala.]:
412 4231 472 4285 εἶτα·
486 4232 580 4294 μέντοι
601 4231 667 4283 οὐδὲ
690 4231 782 4283 varra·
809 4229 854 4281 rol
872 4227 988 4296 γὰρκαὶ
1007 4226 1142 4296 Περικλῆς
1154 4220 1300 4290 Ὀλύμπιος
