2918 4794
537 304 642 349 noran
657 305 701 348 sn
716 304 800 348 tren.
816 304 919 348 xxxv.
1248 290 1287 353 97

82 457 86 461 ·
164 449 280 526 terren.
304 460 338 508 nn
354 457 397 506 ne.
413 463 435 506 ι.
452 457 483 506 ee
501 457 645 506 inventione
663 455 888 521 [so.v01.111.p.
902 458 1198 522 cernennentes:
1215 447 1287 509 'Hus-

159 540 221 610 χθη
234 538 353 607 σκηπτὸς
368 536 412 588 ἐπὶ
429 538 477 605 τὴν
491 535 655 604 Περικλέους
670 538 772 601 εἰκόνα,
791 537 835 589 καὶ
848 537 1031 602 συμβουλεύει
1044 558 1086 599 τις
1094 541 1191 610 μηκέτι
1204 541 1287 593 αὐτὸν

163 618 426 687 'Oldpneourralsim
455 624 574 675 Valerius
590 627 719 676 Maximus
736 627 780 675 lib.
799 633 868 687 n,10
887 624 995 688 [extem.
1016 625 1054 688 l]:
1077 627 1134 677 Non
1149 628 1199 677 sine
1215 645 1289 677 causa

165 711 243 776 igitur
255 710 318 759 tanti
324 709 416 759 roboris
425 707 517 757 animus
529 707 564 757 ad
571 707 676 773 Olympii
684 726 808 774 capnomen
821 709 933 760 ascendit.
947 711 988 762 Sic
1000 713 1128 776 praeclare
1139 713 1287 778 christoph.

167 795 277 848 coleras
289 797 370 844 eiecto
383 793 506 844 vocabulo
518 791 590 853 Iovis,
604 795 674 856 quod
686 794 727 842 hic
739 810 841 858 qnoque
853 797 963 858 imperiti
975 799 1141 846 obtrusernnt

119 922 124 929 .
162 862 165 869 Ι
204 877 258 941 [³4,
272 876 316 940 54]
335 878 570 942 Panaemnsratrem
583 877 639 937 eius,
652 877 694 940 qui
704 876 810 942 clypeum
823 879 885 927 intus
894 879 975 943 pinxit
986 889 1009 928 et
1020 880 1044 928 in
1056 880 1140 944 aspide
1151 879 1287 942 insanae]

167 964 246 1013 Voss.
262 962 387 1011 Pansnum
405 962 456 1010 eius
463 961 583 1024 sratmm,
601 960 661 1024 quid
676 961 773 1026 clipeum
791 963 853 1011 intus
866 962 947 1026 pinxit
961 962 1021 1012 elide
1039 964 1165 1015 mineruae.
1187 967 1290 1015 Abeunt

166 1054 192 1096 et
203 1047 239 1096 in:
257 1047 396 1110 neque'his
414 1061 478 1110 opus
491 1054 536 1096 est.
560 1045 660 1096 Scribe:
679 1047 819 1095 Panaenum
837 1047 886 1096 eius
896 1048 1012 1111 fratrem,
1025 1048 1100 1110 quiet
1111 1048 1215 1112 clypeum
1227 1048 1290 1096 intus

163 1131 247 1195 pinxit
261 1129 334 1179 Elide
349 1129 482 1180 Mineruae.
506 1130 549 1180 Sic
564 1138 670 1180 vocatur
685 1132 841 1192 Pausaniae,
868 1133 911 1181 lib.
930 1137 975 1192 36,
993 1138 1025 1182 23
1045 1130 1101 1193 [55,
1121 1130 1193 1193 177]=
1216 1129 1290 1180 Elide

167 1213 240 1264 aedes
251 1223 286 1263 est
296 1215 431 1276 Minervae,
443 1215 467 1263 in
480 1231 528 1278 qua
531 1215 616 1278 frater
624 1213 728 1264 Phidiae
740 1216 870 1264 Panaenus
882 1215 1000 1264 tectorium
1013 1214 1106 1264 induxit
1119 1214 1178 1264 lacte
1190 1224 1212 1263 et
1223 1232 1290 1264 eroco

165 1300 296 1348 subactum.
321 1299 363 1350 Sic
378 1301 496 1360 Pintiani,
515 1300 585 1349 Men.
601 1301 682 1349 Acad.
699 1301 773 1350 Voss.
798 1301 884 1362 Vulgo
903 1301 980 1350 etiam
996 1301 1145 1350 adlererunt
1161 1300 1290 1364 praeposi·

167 1385 273 1432 tionem.
293 1383 360 1434 Gud.
377 1384 453 1434 etiam
465 1384 686 1447 Academicnsque
703 1392 729 1434 et
740 1386 844 1448 Menap.
858 1383 939 1448 pinxit
949 1382 1033 1439 Elide,
1049 1385 1203 1435 Hermolaus
1215 1385 1289 1444 male,

143 1476 148 1485 ·
168 1465 306 1531 indeyide.

204 1549 258 1613 [34,
276 1549 320 1613 57]
347 1551 513 1600 Barharorum
533 1553 626 1615 Datim,
649 1552 834 1618 Artaphernem]
864 1555 935 1618 Lege
955 1553 1041 1603 Datim
1061 1552 1289 1617 Artaphernemque.

167 1637 235 1687 Nam
253 1633 283 1684 τὸ
300 1650 344 1698 que
360 1637 445 1686 hausit
461 1652 568 1700 sequens
588 1637 659 1695 Quin.
683 1640 850 1690 continenter
868 1640 936 1688 enim
953 1639 1016 1689 haec
1034 1641 1144 1704 optimus
1161 1640 1226 1688 liber
1237 1639 1291 1688 sine

166 1721 330 1771 distinctione
342 1721 462 1784 capitum.

205 1803 270 1854 Cer.
283 1804 330 1853 IX.
349 1802 402 1866 [36‚
417 1803 461 1866 62]
484 1803 515 1853 In
528 1805 656 1869 palliorum
674 1807 767 1856 tesseris
779 1809 890 1857 intertum
902 1807 995 1870 nomen]
1019 1810 1081 1858 Mss.
1097 1810 1216 1857 insertum.
1240 1809 1291 1860 Sed

167 1891 227 1954 quis
243 1891 331 1952 aequis
349 1890 451 1940 nuribus
462 1892 488 1939 in
501 1891 587 1940 Plinio
600 1894 707 1957 accipiet
718 1893 742 1941 in
755 1892 907 1942 ostentatione
919 1892 1058 1942 ostentarit?
1081 1893 1207 1943 Coniicio:
1229 1891 1290 1956 Opes

144 1989 260 2036 ,quoque
282 1980 362 2021 tantas
382 1971 519 2036 adquisivit,
540 1984 566 2023 ut
585 1976 611 2024 in
632 1977 806 2025 ostentationem
828 1992 908 2024 earum
930 1975 1054 2040 Olympiae
1074 1976 1153 2024 aureis
1173 1975 1248 2024 literis
1266 1976 1290 2023 in

163 2056 296 2120 palliorum
316 2057 412 2105 tesseris
432 2050 543 2107 insertum
564 2076 646 2108 nornen
666 2077 732 2109 suum
752 2068 863 2125 perteret.
900 2061 1013 2110 Tesserae
1035 2060 1151 2122 intelligo
1172 2067 1244 2109 notas
1265 2068 1290 2109 et

168 2143 266 2202 titulos,
285 2144 375 2206 quibus
389 2144 507 2193 dominus
518 2146 643 2195 noscitur:
661 2154 689 2194 ut
700 2161 769 2194 nunc
782 2159 883 2209 quoque
894 2146 920 2194 in
932 2146 1047 2205 sudariis,
1066 2145 1204 2204 mucciniis,
1217 2144 1289 2192 indu·

168 2224 221 2287 siis,
238 2228 335 2290 mappis
352 2234 376 2277 et
393 2228 539 2278 huiusmodi
555 2229 608 2278 lino
625 2231 711 2292 primis
728 2231 807 2278 literis
823 2231 928 2279 nomine
944 2231 1128 2292 possidentium
1144 2243 1192 2278 acu
1203 2236 1229 2277 et
1240 2229 1290 2278 alio

168 2311 256 2359 colore
267 2310 412 2374 pinguntur.
434 2315 500 2363 Rem
517 2316 655 2375 confirmat,
673 2317 741 2377 quod
754 2315 862 2377 legimns
874 2314 942 2377 apud
953 2314 993 2363 Fi.
1006 2314 1146 2377 Vopiscum
1156 2314 1184 2362 in
1196 2312 1289 2362 Carino

170 2391 224 2455 [20.
243 2395 316 2445 Tom.
327 2396 363 2446 11.
381 2411 405 2459 p.
423 2394 496 2458 840]:
514 2397 607 2446 Matris
624 2398 726 2446 tunicam
744 2395 809 2445 dedit
824 2397 922 2458 mimae,
942 2396 1060 2454 ἰυυυνῃαυι
1073 2397 1152 2459 patris
1169 2395 1251 2445 mimo:
1268 2402 1291 2442 et

168 2485 240 2539 recte,
255 2477 278 2526 si
291 2480 361 2528 auiae
374 2479 451 2543 pallio
467 2489 554 2530 aurato
570 2491 640 2544 atque
652 2489 787 2546 purpurato
801 2497 846 2544 pro
862 2488 966 2545 syrmate
979 2478 1104 2544 tragoedus
1114 2487 1224 2528 uteretur.
1247 2477 1289 2527 In-

168 2561 280 2624 scriptum
297 2569 332 2610 est
347 2562 424 2612 adhuc
439 2564 464 2613 in
480 2564 607 2614 choraulae
621 2565 698 2629 pallio
714 2563 872 2630 Tyrianthina
884 2562 940 2627 (quo
952 2563 991 2612 ille
1002 2562 1065 2612 velut
1075 2561 1150 2626 spolio
1161 2561 1290 2611 nobilitatis

168 2644 284 2710 exsultat)
300 2647 432 2697 Messallae
448 2666 529 2698 nomen
546 2658 569 2698 et
579 2651 666 2699 udores.
684 2651 735 2701 Ubi
751 2665 834 2712 neque
850 2650 949 2699 hiatum
966 2664 1013 2698 nec
1029 2650 1116 2697 vitium
1135 2662 1246 2711 agnosco
1263 2648 1290 2695 in

168 2731 229 2791 illis,
246 2739 268 2779 et
279 2739 340 2780 recte
350 2732 374 2780 si
384 2732 464 2782 auiae:
482 2737 597 2798 quamvis
610 2735 757 2796 Salmasius,
775 2737 863 2784 deesse
874 2735 1000 2783 nonnulla
1011 2735 1159 2796 suspicatus,
1176 2734 1230 2782 sine
1242 2747 1290 2795 ope

168 2815 284 2867 melioris
304 2826 330 2865 ct
349 2818 489 2880 integrioris
510 2821 664 2883 exemplaris
683 2836 712 2870 ea
729 2821 857 2869 emendari
874 2834 952 2882 posse
968 2821 1091 2882 desperet.
1118 2817 1208 2882 Neque
1224 2818 1291 2867 enim

169 2900 241 2961 haee,
258 2901 346 2964 inquit,
363 2903 424 2951 satis
437 2903 519 2966 capio,
538 2911 566 2951 ut
578 2912 702 2966 concepta
714 2914 781 2964 sunt,
797 2919 845 2952 nec
862 2903 983 2952 cohaeret
995 2903 1082 2951 oratio.
1100 2917 1160 2950 nam
1172 2901 1291 2964 quasilla

169 2984 244 3034 avia?
262 2994 307 3035 aut
322 3001 399 3049 quare
414 3001 466 3035 non
483 2994 544 3034 recte
560 2995 663 3034 uteretur
675 2986 753 3049 pallio
769 2994 855 3034 aurato
872 2994 895 3033 et
906 2993 1041 3049 purpurato
1058 2988 1212 3047 tragoedus?
1232 2985 1291 3049 Syr·

169 3076 241 3118 mata
255 3077 281 3119 et
296 3070 374 3133 pallia
390 3073 571 3132 tragoedorum
592 3079 681 3120 aurata
697 3079 723 3120 et
740 3079 879 3134 purpurata
899 3069 976 3119 luisse
997 3070 1052 3132 quis
1073 3069 1154 3118 nescit
1174 3078 1219 3118 aut
1235 3071 1291 3132 quis

169 3144 264 3215 ne'gatl
278 3161 325 3203 etc.
343 3153 390 3204 Sic
405 3154 457 3204 ille.
481 3156 518 3204 At
535 3157 598 3205 haec
613 3157 719 3218 indigna
734 3164 805 3205 tanto
823 3156 877 3204 viro
896 3154 1018 3203 dubitatio
1031 3167 1064 3201 ex
1077 3168 1104 3202 re
1117 3153 1230 3214 quamvis
1241 3153 1291 3200 lovi

170 3238 279 3299 exstitit3
301 3253 392 3302 nempe
409 3240 468 3302 quia
487 3255 540 3288 non
560 3241 623 3290 vidit
640 3241 791 3303 particulam
811 3238 834 3286 si
851 3233 909 3286 duri
927 3240 977 3302 τῆς
997 3252 1067 3299 quum
1083 3253 1099 3286 a
1114 3238 1205 3286 Flavio
1221 3238 1290 3299 poni.

169 3329 200 3370 ut
216 3324 284 3386 apud
301 3322 429 3374 Catullum
446 3339 521 3373 carm.
540 3322 613 3373 XIV.
633 3323 702 3387 [17]:
721 3324 795 3384 Num,
816 3324 839 3371 si
854 3323 951 3384 luxerit,
972 3321 1007 3371 ad
1022 3321 1172 3370 librariorum
1192 3319 1291 3370 Cumara

168 3406 267 3457 samnia.
290 3407 426 3480 Hoclergo
443 3408 584 3470 Vopiscus:
602 3409 693 3458 Matris
711 3410 823 3457 tunicam
835 3407 941 3471 largitus
954 3416 992 3457 est
1005 3409 1104 3467 mimae,
1121 3408 1200 3471 patris
1212 3408 1291 3457 lacer*

103 3526 107 3533 -
169 3507 230 3542 nam
248 3493 334 3542 mimo.
361 3494 418 3542 Iure
434 3493 479 3540 ille
496 3500 573 3555 atque
590 3495 691 3543 merito:
713 3509 772 3542 nam
791 3500 816 3541 et
832 3494 904 3542 aviae
921 3492 1027 3556 pallium
1044 3494 1146 3542 dederat
1161 3494 1290 3554 tragoedo.

171 3576 214 3626 Sic
225 3577 318 3636 debuit,
331 3584 359 3626 ut
371 3577 459 3626 similis
472 3577 535 3626 foret
547 3577 602 3638 sibi,
615 3593 661 3626 nec
674 3591 760 3627 secum
774 3577 972 3636 disconveniret,
992 3590 1049 3623 oum
1063 3578 1199 3637 tragoedus
1210 3576 1290 3640 pallio

170 3664 250 3722 aviae,
268 3664 367 3726 nepotis
380 3662 490 3711 eiusdem
504 3663 579 3720 dono,
597 3676 642 3724 pro
656 3670 767 3725 syrmate
779 3663 805 3710 in
817 3676 893 3710 scena
906 3666 1027 3708 uteretur.
1050 3659 1123 3708 Nihil
1135 3661 1203 3708 aliud
1216 3654 1291 3722 signi·

169 3747 237 3806 ficet,
255 3760 340 3808 quarn,
351 3754 387 3805 ,ut
402 3747 488 3796 matris
507 3746 619 3794 tunicum
637 3747 737 3805 mimae,
756 3747 834 3808 patris
852 3745 977 3795 lacernam
996 3744 1081 3803 mimo,
1099 3744 1135 3791 sic
1154 3744 1225 3791 aviae
1238 3744 1292 3805 pal·
1306 3751 1355 3795 eet

169 3831 234 3880 lium
247 3833 371 3892 tragoedo
386 3819 504 3880 donasse:
522 3831 565 3879 sed
578 3830 658 3879 variat
670 3837 695 3878 et
706 3831 774 3879 acuit
786 3843 930 3879 sermonem
942 3829 1024 3891 lepide
1037 3822 1291 3890 ἐπειρωνευόμενος.

169 3915 263 3965 Malles
280 3913 355 3964 lorte:
374 3916 443 3962 aoros
457 3912 527 3976 palla
542 3921 632 3961 aurata
648 3921 719 3976 atque
732 3920 879 3976 purpurata.
902 3927 960 3962 nam
977 3912 1046 3976 palla
1057 3913 1249 3974 tragoedorum:
1268 3920 1293 3961 et

168 3999 207 4047 ita
229 3997 313 4048 forent
336 4007 445 4061 quatuor
469 3999 565 4048 diversa
588 4000 694 4047 vestium
718 3999 829 4046 nomina.
859 3998 969 4046 Exstant
992 3997 1090 4045 nummi
1113 3997 1210 4046 Iudaici
1235 4010 1293 4044 cum

169 4083 283 4144 imagine
307 4084 471 4146 legislatoris,
503 4084 530 4130 in
556 4083 646 4144 quibus
671 4083 738 4131 circa
758 4083 858 4131 laevum
884 4081 1018 4130 humerum
1046 4082 1118 4144 quasi
1142 4082 1168 4129 in
1194 4080 1294 4129 fimbria

169 4168 291 4231 scriptum
305 4178 343 4218 est
358 4168 440 4216 r'tllm.
459 4166 515 4216 Viri
528 4168 595 4216 docti
608 4176 753 4230 torquatum
765 4168 961 4230 interpretantur
973 4174 998 4215 et
1010 4165 1198 4227 inscriptionem
1211 4165 1294 4229 torqui

1070 4248 1088 4307 7
