2918 4794
218 291 259 352 92
709 310 851 353 anouovr

218 461 300 510 millia
318 464 463 523 nummtm3
484 461 612 525 posterior
629 458 729 508 ducenta
750 460 925 525 quinquaqinta
944 457 1021 509 millia
1041 457 1174 521 denarium,
1195 456 1276 508 πέντε
1293 456 1340 508 nai

219 539 305 594 sinoce
320 541 457 608 μυριάδας
472 540 517 593 tal
534 540 751 611 πεντακισχιλίας
765 541 904 610 δραχμάς,
927 545 1010 595 decies
1026 553 1051 594 et
1071 545 1162 606 viginti
1177 543 1267 594 millia.
1281 538 1344 593 'Illa

219 630 316 692 viginti,
333 629 399 678 haec
416 631 521 691 triginta
537 630 619 679 millia
634 629 780 693 Philippum
796 638 953 679 nostrorum.
976 629 1031 679 Nec
1042 644 1102 679 vero
1114 632 1185 679 deest
1198 629 1342 692 quiequam,

143 733 150 745 ·
219 716 288 777 quod
305 728 357 763 non
375 716 468 775 deesse,
485 722 576 776 utpote
593 715 728 762 commode
743 714 939 776 intelligendum
957 727 990 762 ex
1002 713 1095 774 vicino,
1111 713 1211 763 Plinius
1222 713 1342 762 voluerit:

147 786 150 791 ¹
220 795 284 860 quod
303 794 379 846 locari
393 797 486 846 solitum
503 798 538 847 X
552 794 597 848 00
610 796 708 858 annuis,
729 804 856 861 postquam
875 795 1023 846 obliteratum
1041 803 1107 856 erat,
1127 794 1228 846 t'oLV.
1251 804 1344 859 nempe

218 882 298 932 locari
314 882 419 932 solitum
437 890 483 932 est.
507 883 574 933 Gud.
592 879 656 944 quod
671 881 748 930 locari
763 880 857 930 solitum
872 882 906 930 X
920 879 995 929 libras
1010 897 1055 944 per
1073 877 1116 929 00
1128 896 1204 928 aanor
1218 888 1344 943 postquam

220 966 368 1017 obliteratum
384 977 438 1017 crat
454 966 534 1016 reddit
544 966 666 1017 LXXII.
690 969 727 1017 Ut
739 975 764 1017 et
775 968 866 1028 Asai„
879 967 927 1016 nisi
940 968 1009 1030 quod
1020 964 1101 1015 reddit
1112 981 1173 1015 nuno
1183 963 1305 1026 LXXII,
1318 973 1344 1014 et

219 1055 331 1116 Menap.‚
343 1054 392 1102 nisi
405 1053 475 1115 quod
486 1050 566 1100 reddit
575 1049 727 1101 LXXXII.

255 1136 320 1187 CAP.
337 1136 440 1187 XVIII.
459 1134 512 1197 [50‚
527 1133 587 1196 167]
610 1134 724 1198 Alioquin
737 1133 831 1200 plumbi
844 1151 857 1182 e
864 1132 1011 1199 fornacibus
1027 1131 1116 1182 halitus
1131 1132 1213 1181 nonius
1229 1130 1343 1193 senatur]

220 1220 298 1270 Voss.
308 1217 400 1283 plumbi
401 1219 543 1284 fornoaum
554 1218 649 1268 balitus.
674 1219 740 1271 Gud.
753 1222 822 1270 Men.
834 1221 916 1270 Acori.
929 1221 1055 1269 hacteuus
1067 1219 1161 1279 iurant,
1173 1217 1242 1280 quod
1255 1225 1344 1266 carent

223 1304 419 1366 praepositione.

256 1384 309 1447 [50,
325 1386 385 1450 170]
411 1388 536 1438 Versatum
552 1387 649 1437 rudibus
658 1387 750 1449 ferreis
765 1395 808 1437 aui
816 1386 962 1451 ferulaeeis]
986 1389 1063 1438 Voss.
1080 1383 1194 1435 audebat.
1219 1384 1343 1447 Virgilius

221 1469 265 1518 lib.
279 1477 293 1520 5
307 1468 383 1533 [vers.
397 1470 459 1533 208]
477 1472 598 1523 Aeneida

459 1557 621 1619 Ferratasque
634 1555 713 1605 trudes
724 1564 747 1604 ct
757 1564 829 1605 acuta
841 1555 937 1620 cuspide
949 1564 1028 1606 contos

459 1638 605 1704 Erpediunt.

223 1723 264 1773 Sio
279 1725 347 1773 enim
363 1726 452 1787 optimi
468 1726 579 1775 codices:
597 1726 633 1775 sic
644 1725 757 1775 Isidorus
770 1726 867 1789 Origin.
880 1726 924 1774 lib.
940 1732 979 1787 18,
992 1729 1024 1787 7.,
1041 1726 1082 1774 cui
1095 1722 1175 1773 tuda
1191 1733 1251 1775 sunt
1262 1723 1346 1772 amites
1409 1753 1413 1759 ·

222 1822 273 1855 uum
285 1806 448 1871 lunatoferro,
461 1811 492 1857 ab
503 1826 529 1858 eo
540 1808 604 1872 quod
616 1808 711 1857 trudunt
722 1818 744 1857 et
756 1808 890 1859 detrudunt.
914 1811 995 1860 Tacit.
1013 1811 1057 1859 lib.
1070 1817 1085 1860 3
1099 1807 1156 1873 [46]
1175 1809 1275 1858 annai:
1293 1807 1345 1870 qui·

222 1890 278 1940 dam
290 1891 397 1942 trudibus
409 1893 538 1956 autfurcis
550 1893 646 1941 inertem
658 1892 739 1942 molem
750 1902 906 1957 prosternere.

257 1974 310 2038 [52.
325 1976 385 2039 172]
403 1977 516 2026 meatur
527 1977 551 2026 in
563 1977 640 2025 linteis
652 1977 716 2025 roris
728 1978 752 2026 in
764 1994 830 2041 aquo
842 1975 947 2039 coeleste]
971 1977 1190 2041 Praepositionem
1207 1976 1347 2040 posteriore

222 2061 281 2109 loco
294 2064 373 2111 nescit
385 2062 535 2120 Vossianus,
548 2069 577 2111 ut
589 2071 614 2111 et
627 2070 676 2112 tres
688 2045 740 2111 aliiL

259 2143 311 2207 [53,
327 2144 386 2207 173]
410 2144 458 2193 Est
474 2145 637 2210 molybdaeaa,
655 2162 725 2210 quam
742 2144 804 2195 alibi
818 2144 930 2210 qalenam
947 2143 1089 2217 vocavimus,
1106 2143 1200 2208 plumbi
1214 2151 1238 2191 ct
1251 2141 1348 2206 arpenti

223 2244 283 2276 uena
297 2228 434 2291 mmmunis]
457 2231 533 2280 Voss.
549 2229 596 2278 Est
612 2239 635 2278 et
650 2228 807 2295 molybdaeua
824 2245 895 2293 quam
912 2227 961 2279 alio
977 2227 1027 2278 loco
1042 2227 1154 2293 qaleuam
1165 2225 1346 2292 appellavimus,

224 2327 306 2361 venam
318 2313 413 2376 arpenti
419 2313 555 2377 plumbique
566 2315 700 2364 communis.

259 2394 312 2458 [55‚
327 2395 386 2458 177]
408 2396 465 2461 Ipso
478 2397 561 2446 nidore
572 2397 653 2447 itidem
664 2396 780 2460 medetur]
799 2399 875 2448 Voss.
889 2397 971 2447 isdem
993 2397 1072 2460 Lege,
1089 2395 1180 2446 iisdem.
1199 2395 1264 2446 Gur.
1277 2395 1346 2443 Men.

224 2481 305 2531 Acad.
318 2481 359 2530 eis.
377 2484 448 2532 Idem
460 2484 601 2533 Pintianns.

259 2562 348 2627 [Ibid.]
376 2565 428 2614 Aut
443 2565 609 2616 sandarachae
628 2565 730 2616 similius
746 2574 788 2628 est,
809 2564 911 2616 deterius
927 2561 1087 2625 earsdmatur]
1115 2565 1190 2614 Voss.
1212 2559 1347 2621 similent,

226 2646 326 2698 deterius
338 2647 465 2699 iudicatur.

595 2781 661 2848 AD
684 2782 802 2847 LIBR.
825 2779 981 2848 XXXV.

260 2897 384 2953 Pnoonnt.
398 2902 476 2966 [init]
495 2894 681 2953 Annuscentium
694 2921 785 2968 quoque
796 2905 842 2968 cis]
865 2907 941 2956 Voss.
954 2902 1117 2964 Metellorum,
1134 2901 1217 2965 quibus
1229 2917 1283 2965 opes
1295 2916 1348 2949 con-

226 2993 303 3046 stant,
320 2988 542 3051 aqnascentiumque
559 2988 601 3038 eis.
628 2989 696 3040 Gud.
712 2991 783 3040 Men.
797 2992 882 3045 Acad.
904 3006 934 3039 ac
956 2987 1099 3037 nascentium
1121 2986 1148 3035 iu
1164 2985 1205 3035 eis.
1236 2985 1348 3035 Pintiani

228 3072 318 3132 codex,
331 3070 555 3136 adnascentiumquc
567 3073 608 3123 eis.

263 3153 325 3217 [ln]
344 3155 445 3206 Morosa
460 3156 572 3206 caelandi
585 3156 745 3222 pinqendique
761 3174 791 3207 ac
809 3155 917 3222 tiaqendi
926 3154 1057 3218 subtilitas]
1082 3156 1153 3218 Lege
1165 3169 1223 3204 eum
1234 3154 1311 3202 Voss.
1324 3161 1349 3201 et

227 3240 339 3289 Pintiani
355 3243 452 3291 codice:
474 3240 749 3306 caemndifinqendiquc
761 3258 791 3290 ac
804 3241 917 3306 tinqendi.
939 3242 1069 3292 Plastieen
1081 3239 1202 3302 intelligo,
1219 3245 1245 3288 et
1254 3236 1350 3300 finqerc

228 3339 257 3371 ea
269 3323 359 3388 arqilla
369 3325 540 3388 similitudines,
552 3335 581 3376 ut
592 3329 652 3377 alibi
665 3328 785 3390 loquitur.

262 3409 326 3460 CAP.
339 3411 360 3460 Ι.
378 3409 414 3472 [1,
427 3410 454 3473 3]
477 3410 592 3461 Maculas
608 3428 670 3474 quae
687 3428 732 3459 non
749 3411 863 3460 essentia
880 3410 965 3458 crusta
979 3407 1115 3470 inserendo]
1139 3408 1215 3458 Voss.
1233 3421 1294 3468 quae
1305 3420 1351 3452 nvn

228 3509 276 3542 erse
287 3495 312 3544 in
323 3495 415 3544 crustis.
430 3498 503 3558 Vult,
514 3499 582 3559 quod
595 3511 628 3545 ex
639 3498 717 3546 veteri
730 3504 821 3545 notant
831 3497 864 3544 ad
877 3496 1026 3557 marginem,
1037 3494 1252 3558 praepositionem
1266 3489 1350 3539 deleri.

165 3591 215 3636 830
227 3579 297 3642 Lege
313 3588 399 3630 autem
415 3597 464 3644 qua
479 3597 525 3630 non
542 3589 624 3630 essem.
649 3582 675 3630 id
693 3588 743 3640 est,
761 3595 812 3643 qua
828 3588 907 3644 perte.
934 3581 980 3630 Ait
998 3580 1066 3627 enim
1081 3577 1193 3627 Neronis
1210 3575 1351 3639 principatu

229 3667 360 3714 inventum
376 3667 472 3715 vadare
488 3667 613 3715 unitatem
630 3664 724 3725 crustis,
742 3665 783 3713 vel
801 3667 875 3714 scotis
892 3664 1040 3726 fragmentis
1061 3662 1155 3711 coloris
1177 3659 1269 3709 diversi
1288 3657 1350 3705 inse-

229 3749 302 3798 rendo
313 3748 427 3812 maculas,
440 3766 488 3812 qua
499 3759 570 3813 parte
581 3750 641 3800 illae
658 3765 704 3798 non
721 3755 796 3797 essent
811 3749 920 3798 nativae.
944 3749 1007 3798 Tres
1023 3748 1075 3808 alii,
1093 3743 1199 3794 mamlos
1210 3758 1256 3792 nou
1267 3756 1316 3791 esse
1327 3741 1352 3790 in

230 3833 322 3883 crustis.
343 3835 412 3884 Illud
428 3843 455 3883 ut
467 3849 578 3898 purpura
596 3832 780 3897 distinqueretur
797 3831 948 3897 Synnadicus
970 3833 1037 3881 male
1049 3831 1186 3882 Gonsalius
1203 3827 1305 3891 excepit
1320 3825 1352 3873 ad

230 3920 377 3968 Petronium
400 3916 443 3980 [de
460 3920 520 3968 bell.
539 3920 586 3968 civ.
604 3917 658 3980 27].
685 3919 752 3967 Vide
769 3917 911 3968 Observatt.
929 3923 953 3978 3,
969 3923 997 3967 11
1013 3915 1084 3980 [pag.
1101 3920 1160 3964 400.
1173 3953 1205 3963 ..
1217 3926 1277 3978 pag.
1294 3911 1352 3961 stt.

231 4001 360 4065 Frotsoh.]
873 4006 875 4013 '

267 4086 330 4135 Car.
349 4087 384 4135 11.
403 4085 439 4148 [2,
454 4086 481 4149 7]
505 4085 578 4134 Aliae
587 4087 657 4149 soris
669 4093 692 4134 et
702 4086 768 4134 circa
780 4085 863 4134 limina
874 4085 1006 4134 animorum
1019 4083 1147 4147 inqentium
1158 4081 1275 4146 imaqiaes
1285 4086 1354 4127 erant

232 4166 325 4230 affirm]
347 4171 480 4221 Pintianus
496 4170 612 4219 maiorum
627 4170 729 4235 qentium
745 4171 787 4219 vol
802 4168 934 4218 alienarum
950 4169 1052 4233 qentium
1070 4169 1202 4217 coniectat.
1225 4166 1267 4216 Ex
1279 4163 1353 4213 vesti·

233 4253 280 4317 giis
293 4253 393 4305 Chiflet.
405 4256 519 4304 minorum
530 4255 633 4319 qratiam
645 4262 718 4305 notat
730 4261 755 4304 et
766 4256 894 4318 improbat
904 4254 1095 4316 Dalocampius.
1113 4252 1195 4302 Acad.
1204 4251 1275 4299 Men.
1285 4247 1352 4298 Gud.
