2918 4794
533 287 637 330 uonna
653 288 696 328 nn
712 268 795 328 uisu.
811 286 917 326 xxxii.
1246 262 1286 326 69

199 443 263 494 Cur.
277 441 337 491 VII.
356 439 409 503 [24,
423 439 466 502 ts]
487 439 632 501 Quumque
648 453 742 499 carum,
765 437 807 500 qui
822 436 857 485 ita
873 434 1002 499 effluxerit,
1020 433 1149 484 admiscent
1165 434 1286 496 lacrimae,

164 541 225 588 quae
238 541 267 573 eu
279 523 337 573 alba
350 525 396 573 uite
407 522 513 586 manat]
533 523 652 573 Vossiani
666 524 715 572 duo
732 537 856 584 succoque,
876 522 967 570 deiude
983 519 1081 580 melior,
1098 517 1229 569 admiscent
1245 519 1289 568 uiti

164 607 244 657 salvat
256 607 387 657 lacrimam.
410 608 509 658 Scribe:
525 622 638 670 succoque
650 622 739 666 earum,
758 605 801 669 qui
812 606 848 653 ita
867 603 995 667 effluxerit,
1013 600 1142 651 admiscent
1153 603 1208 652 vitr's
1219 602 1289 653 albae

166 691 297 751 mammam,
310 700 380 754 atque
391 691 428 740 ita
435 690 568 756 palpebras
580 689 711 739 emendant.
730 691 806 751 Quod
819 698 845 740 et
856 690 977 738 Pintiano
990 689 1080 738 visum.

200 774 253 837 [24,
267 774 310 837 76]
329 774 389 823 λεια
402 775 495 824 ταινίαι
507 776 570 824 iecur
580 773 705 836 siccatum]
726 774 769 825 Sic
780 774 934 824 Hermolaus
947 783 993 823 aut
1004 772 1112 822 channae
1123 787 1170 835 pro
1183 773 1288 833 vulgato

166 860 239 908 rheni.
258 861 390 910 Reiuesius
402 848 465 909 vai.
478 861 537 908 lect.
550 866 574 919 2,
590 863 612 909 7.
625 861 744 908 emendat
757 856 847 921 thynni.
865 858 942 917 Vere,
956 864 984 904 ut
996 863 1072 920 puto:
1085 871 1145 906 nam
1155 857 1230 906 Voss.
1241 853 1288 902 the-

166 943 378 992 niiaconsiccatum.
404 943 479 1005 Quod
497 953 543 1004 est,
561 942 643 1007 thynni
659 943 724 991 iocus
740 943 859 991 siccatum.
884 941 925 991 Ita
943 943 1010 990 euim
1028 942 1095 990 idem
1113 942 1196 989 codex
1214 954 1289 1002 saepe

167 1043 212 1091 pro
224 1026 295 1077 iecur.
314 1028 395 1077 Acad.
408 1026 486 1075 chieni
497 1026 561 1074 iecur
572 1026 693 1075 siccatum.
710 1026 792 1075 Acad.
803 1027 873 1076 Men.
886 1032 911 1074 et
920 1025 986 1076 Gud.
998 1022 1069 1073 theri.
1088 1024 1139 1075 Sed
1151 1025 1202 1074 hoc
1213 1031 1289 1072 vento

165 1113 291 1176 proiectus
302 1111 369 1160 idem
381 1112 419 1160 vir
430 1111 620 1172 eruditissimus,
633 1111 795 1159 illustremus
808 1111 893 1170 etiam,
909 1109 952 1169 ait,
966 1108 1079 1158 Plinium
1095 1111 1126 1158 de
1143 1109 1199 1157 dosi
1211 1108 1289 1156 medi·

167 1197 275 1246 cementi
287 1211 332 1246 seu
344 1198 463 1259 pondere,
482 1197 552 1257 quod
569 1210 622 1244 non
639 1197 671 1244 ab
689 1195 807 1244 omuibus
824 1194 934 1255 intelligi
950 1194 1050 1242 scimus.
1074 1190 1188 1240 Illustrat
1204 1198 1290 1239 autem

166 1283 209 1341 ita,
221 1288 250 1329 nt
260 1277 291 1329 τὸ
304 1280 337 1330 X
345 1287 433 1328 notam
445 1279 507 1328 velit
519 1290 574 1328 esse
582 1273 688 1343 χαλκοῦ
700 1278 753 1327 sire
764 1278 842 1338 aerei,
856 1291 933 1340 quam
946 1276 1038 1327 Graeci
1055 1275 1092 1325 sic
1103 1276 1245 1338 figuratius:
1258 1288 1289 1339 χ,

166 1379 262 1427 proque
274 1379 304 1412 ea
315 1364 421 1412 Latinos
434 1363 543 1411 editores
556 1358 633 1411 Plinii
646 1376 706 1411 suae
718 1361 821 1424 liuguae
834 1361 867 1410 X
876 1360 948 1423 quasi
967 1356 1184 1418 trassucconem
1198 1359 1289 1408 substi-

80 1460 93 1483 ·
119 1504 122 1511 ,
167 1449 256 1497 tuisse:
281 1447 386 1496 chalcos
404 1455 488 1494 autem
507 1460 551 1494 scu
568 1459 657 1494 aereos
674 1452 784 1508 quatuor
800 1446 941 1508 ponderare
958 1444 1062 1494 obolum
1079 1459 1123 1494 seu
1144 1442 1291 1506 scrupulum

167 1532 332 1581 dimidiatum.
359 1530 448 1579 Ieiuno
460 1529 597 1578 admodum
611 1537 636 1577 et
646 1543 698 1577 non
710 1544 756 1592 pro
769 1529 903 1578 Reinesio:
919 1543 980 1578 nam
998 1529 1091 1578 obolus
1109 1525 1165 1590 (qui
1182 1541 1242 1576 sane
1254 1527 1291 1574 di-

167 1616 285 1665 midiatus
296 1623 335 1665 est
347 1612 472 1677 scriptulae,
484 1629 538 1662 non
546 1610 681 1675 scrupulus)
694 1620 751 1662 octo
761 1613 864 1662 chalcos
873 1613 985 1663 Athenis
997 1614 1115 1662 habebat.
1134 1611 1250 1661 Galenus
1260 1613 1291 1660 de

167 1701 256 1762 pond:
270 1690 299 1746 ‘0
310 1695 364 1762 γάρ
376 1692 481 1757 ὀβολὸς
493 1691 550 1762 ἔχει
562 1684 641 1760 Xp'.
658 1697 754 1747 Paulus
770 1697 909 1760 Aeginam:
923 1688 952 1745 ‘0
967 1695 999 1744 dl
1018 1692 1123 1757 ὀβολὸς
1133 1693 1245 1759 κεράτια
1257 1686 1291 1759 χ’.

167 1779 197 1829 τῦ
216 1779 247 1829 δὲ
263 1779 387 1845 κεράτιον
402 1775 524 1844 χαλκοῦς
540 1776 590 1826 δύο
609 1776 746 1841 δίμοιρον·
769 1777 783 1825 ά
801 1776 855 1842 γὰρ
874 1775 979 1838 ὀβολὸς
996 1775 1054 1844 ἔχει
1069 1775 1192 1845 χαλκοῦς
1209 1775 1288 1826 ὀκτώ.

168 1865 313 1929 Cleopatra:
326 1855 446 1924 ’θβολὸς
457 1858 516 1928 ἔχει
528 1859 633 1923 dippum
647 1852 671 1909 α’
686 1859 778 1925 ἥμισυ,
792 1859 904 1924 κεράτια
916 1852 952 1925 χ’,
966 1858 1090 1927 χαλκοῦς
1105 1853 1140 1926 η’,
1163 1859 1194 1909 τι)
1208 1861 1290 1924 ἡμιω-

166 1943 260 2007 βάλιον
274 1943 332 2013 ἔχει
343 1944 467 2009 κεράτιον
481 1938 506 1993 α’
521 1942 614 2009 ἥμισυ,
628 1941 750 2010 χαλκοῦς
761 1936 796 1993 ά.
820 1947 908 1995 Alius:
927 1943 942 1992 ῦ
955 1941 1078 2011 χαλκοῦς
1093 1940 1152 2009 ἔχει
1169 1940 1289 2007 ἡμιωβο-

167 2028 226 2079 hieu
243 2028 273 2079 τι)
290 2028 429 2094 τέταρτον,
448 2026 517 2077 ὥστε
534 2027 600 2084 τοῦς
612 2026 748 2091 τέσσαρας
760 2025 883 2095 χαλκοῦς
899 2024 974 2093 ἄγειν
988 2027 1018 2078 τὸ
1031 2023 1202 2093 ἡριοβῦλιον.
1221 2029 1292 2079 Haec

168 2115 258 2164 saltem
271 2115 412 2164 communis
425 2122 450 2163 et
462 2114 625 2164 usitatissima
637 2114 712 2162 ratio:
731 2115 778 2163 etsi
793 2115 893 2164 Plinius
910 2116 1005 2175 decem,
1023 2114 1066 2162 alii
1080 2128 1125 2162 sex
1138 2114 1243 2164 chalcos
1255 2115 1293 2162 iu-

166 2202 265 2249 terdum
277 2198 354 2247 obolo
367 2199 504 2260 assignent.
527 2198 581 2246 Nec
593 2212 652 2246 vero
664 2191 693 2244 X
708 2206 747 2246 est
763 2206 825 2267 nota
836 2198 926 2257 chalci,
942 2198 986 2246 sed
997 2184 1038 2260 X.
1065 2198 1171 2266 Poterat
1183 2211 1197 2246 e
1208 2199 1293 2246 Paulo

167 2282 199 2331 ab
210 2283 312 2344 Aegina
329 2296 414 2345 nosses
430 2275 542 2344 Πρῶτον
558 2277 609 2339 μὲν
627 2275 675 2327 οῦν
688 2277 719 2327 τὸ
733 2280 898 2345 χστοιχεῖον
912 2276 976 2346 ἔχον
990 2276 1157 2339 ἐπικείμενον
1171 2276 1244 2343 αὐτῷ
1261 2274 1291 2326 τὸ

167 2359 244 2428 ἄλφα
252 2361 373 2430 χαλκοῦν
387 2360 523 2429 σημαίνει.
548 2364 667 2425 Denique
678 2363 755 2413 Plinii
768 2364 884 2424 editores,
898 2366 950 2413 sire
961 2364 1055 2423 Latini,
1074 2377 1137 2425 quos
1149 2363 1192 2412 ille
1205 2363 1292 2425 appel-

166 2452 211 2509 lat,
229 2450 281 2497 sive
293 2448 372 2508 Galli,
390 2449 441 2498 sive
454 2439 583 2507 Germani,
601 2454 724 2496 noverant
741 2448 807 2497 nihil
818 2449 1005 2511 exemplaribus
1018 2448 1071 2496 eius
1084 2461 1139 2497 esse
1156 2445 1294 2519 vulgarius,

168 2549 245 2596 quam
257 2546 303 2595 per
314 2531 347 2581 X
355 2522 493 2594 significari
505 2531 543 2590 X,
557 2531 689 2580 denarium
700 2531 742 2579 vel
755 2531 915 2581 drachmam:
935 2540 960 2581 et
972 2533 1008 2582 ita
1020 2533 1062 2582 hic
1078 2543 1180 2594 quoquc
1189 2526 1294 2592 pendae

168 2617 201 2666 X
209 2621 221 2660 1
226 2623 244 2662 V
251 2630 306 2665 esse
317 2619 430 2680 pondere
443 2617 603 2666 denariorum
616 2616 657 2664 vel
669 2617 850 2665 drachmarum
864 2624 980 2680 quatuor.

204 2697 257 2760 [26,
270 2697 314 2760 80]
333 2699 483 2748 Fortioribus
494 2698 621 2748 stomachis
633 2716 663 2747 ex
674 2700 725 2749 iure
737 2698 841 2750 edendas
853 2697 941 2762 dabat]
961 2701 1079 2761 Quatuor
1090 2701 1184 2764 scripti,
1198 2697 1291 2747 meden-

169 2783 221 2832 dus.
246 2784 373 2847 Optimus,
386 2782 540 2833 mandendas.
553 2794 581 2834 ut
594 2794 620 2834 et
631 2785 743 2835 Pintiaui
757 2788 846 2836 codex.

204 2865 257 2929 [27‚
270 2865 315 2928 83]
328 2867 502 2916 Μαναικανιιαι
514 2868 574 2916 cinis
585 2884 636 2916 cum
648 2868 723 2918 mellis
740 2869 813 2918 obolis
830 2869 912 2931 ternu]
932 2871 1027 2922 Omnes
1045 2872 1170 2932 quinque:
1187 2869 1291 2918 Maena-

170 2967 229 3000 runs.
242 2953 279 3000 sic
291 2959 316 3000 et
333 2965 388 3015 cap.
399 2956 414 3000 8
428 2948 481 3011 [28,
492 2948 536 3012 88]
555 2951 700 3000 Maenarum
711 2953 791 3000 muria
802 2961 824 3000 et
836 2952 940 3016 capitum
951 2953 1017 3013 cinis,
1030 2968 1084 3002 non
1094 2954 1195 3004 Ohiflet.
1208 2955 1294 3012 modo,

171 3036 214 3084 sed
228 3036 376 3096 Vossianus,
392 3035 561 3083 Academicus
579 3041 603 3083 at
617 3034 757 3085 Gudianus.
775 3049 830 3098 cap.
846 3040 860 3083 9
875 3032 927 3095 [31,
943 3033 1003 3095 100]
1021 3035 1129 3084 Maenas
1144 3035 1225 3084 salsae
1241 3051 1292 3084 curn

163 3117 225 3179 selle
243 3119 335 3167 taurino
352 3117 429 3167 illitae
441 3115 556 3166 unrbilico.
580 3119 614 3166 Et
627 3116 681 3180 [33,
697 3115 757 3179 105]
777 3117 837 3166 aines
848 3133 877 3165 eu
888 3118 965 3180 capite
978 3133 1123 3167 maenarum.

120 3205 124 3215 “
205 3202 269 3253 Cur.
279 3201 354 3252 VIIL
369 3200 422 3264 [29,
434 3200 478 3263 91]
492 3200 638 3265 suspiriosis
647 3210 776 3250 castoreum
788 3217 839 3249 cum
852 3200 1009 3250 hammoniaci
1020 3201 1107 3265 euipua
1115 3202 1232 3265 portione,
1245 3211 1293 3252 eto.

171 3285 293 3335 utilissime
301 3285 412 3351 potatur]
433 3287 550 3348 Quatuor
562 3287 664 3350 scripti:
679 3295 792 3347 castoreo,
810 3295 876 3336 tres:
894 3283 1021 3333 utilissima
1033 3292 1090 3345 tata,
1103 3285 1204 3348 Andeg.
1218 3285 1294 3334 utilis-

171 3370 234 3418 sima
245 3378 285 3418 ota
297 3368 379 3418 eadem
385 3369 460 3433 petia.
478 3373 644 3435 Praecipuus:
657 3379 771 3431 castorea,
785 3379 839 3420 tum
850 3368 971 3419 utilissime
978 3377 1045 3434 pota.
1064 3369 1161 3420 Scribe:
1174 3368 1295 3434 Suspirio-

171 3453 205 3501 sis
216 3460 325 3501 castorea
336 3469 389 3501 cum
401 3453 561 3504 hammoniaci
573 3455 661 3520 exipua
673 3455 781 3519 portione
793 3470 823 3502 ea
834 3461 901 3503 aceto
912 3453 986 3503 mulso
998 3454 1082 3504 ieiunis
1093 3453 1220 3504 utilissima
1227 3462 1293 3518 potu.

207 3524 271 3588 Che.
288 3538 337 3587 IX.
357 3537 409 3600 [el,
428 3536 471 3600 99]
494 3537 627 3589 Cucumerss
643 3539 717 3589 sativi
730 3537 821 3588 radicis
836 3539 913 3588 sicam
931 3536 1081 3600 drachmam]
1104 3540 1180 3590 Voss.
1197 3539 1294 3591 siccare.

171 3621 250 3685 Lege,
263 3621 374 3683 siccam,
388 3633 415 3673 ut
428 3631 453 3672 et
464 3624 605 3673 Pintiauus.

207 3704 271 3754 cm.
284 3707 316 3758 X.
331 3704 384 3767 [tu
400 3704 460 3766 119]
478 3704 583 3755 Prodest
593 3714 615 3754 et
621 3705 693 3768 febri
702 3723 817 3756 ranarum
821 3706 892 3770 fellis
908 3706 979 3770 ciuis]
1000 3709 1117 3769 Quatuor
1134 3711 1229 3774 scripti:
1243 3708 1295 3771 fel-

173 3787 230 3836 lium
242 3788 309 3837 cinis.
328 3791 405 3841 Voss.
410 3788 476 3852 fibri
486 3789 610 3837 irauarum
620 3788 725 3853 pellium.
744 3791 816 3841 Nihil
828 3792 870 3839 hic
880 3793 960 3841 voluit
973 3794 1004 3841 de
1017 3792 1088 3853 tetri,
1105 3794 1170 3842 nihil
1189 3797 1219 3843 de
1235 3793 1295 3843 felle

173 3887 299 3923 ranarum.
320 3873 400 3936 Lege:
424 3871 527 3921 Ριοάοιε
538 3880 561 3921 et
575 3873 723 3934 fibrinarum
736 3873 835 3937 pellium
854 3875 920 3925 ciuis.
944 3876 1015 3926 Infra
1034 3874 1162 3938 [40124]
1183 3877 1295 3925 Fibrinu-

173 3972 224 4005 rum
235 3953 330 4019 pellium
341 3972 393 4011 cum
403 3957 456 4020 pice
469 3954 561 4019 liquida
573 3959 742 4006 combustarum
755 3959 822 4009 ciues.
844 3961 880 4010 Et
891 3961 942 4010 hoc
953 3961 1093 4010 Pintiauus.

209 4038 262 4102 [41,
277 4038 337 4101 120]
355 4040 496 4105 Letarpicos
508 4040 631 4105 caupulum
644 4041 713 4091 vituli
723 4042 824 4091 adiuvat
836 4044 860 4091 in
873 4044 926 4092 vino
941 4042 1034 4108 potura]
1053 4047 1094 4094 Ex
1107 4044 1184 4095 chifl.
1198 4053 1295 4107 notant,

179 4124 320 4174 Tethanices
337 4133 474 4175 castoreum.
501 4128 578 4177 Voss.
599 4126 722 4176 Tetamices
740 4127 867 4191 quapulum
884 4127 955 4177 uituli
970 4128 1070 4177 adiuuat
1091 4145 1120 4177 er
1141 4129 1195 4178 vino
1214 4129 1295 4179 intum.
1310 4140 1358 4186 812

174 4209 255 4272 Lege:
276 4208 402 4259 Tetanicos
418 4209 541 4275 caupulum
558 4208 628 4260 vituli
643 4209 743 4260 adinum
759 4226 787 4260 ex
804 4211 857 4261 uine
873 4210 973 4262 inlitum.
1000 4213 1057 4262 Lib.
1075 4220 1116 4276 23,
1135 4218 1148 4264 7
1168 4212 1221 4276 [63,
1235 4211 1295 4275 124]
