2918 4794
160 232 199 291 24
652 254 793 295 errorum

160 400 291 449 machinam
304 400 483 465 appellavimus.
502 405 625 452 subaudio
638 414 707 463 t‘este,
720 420 752 453 ex
765 420 821 468 cap.
834 412 850 454 6
864 403 917 466 [14.
930 404 975 467 27]
988 408 1020 455 ali
1030 406 1067 455 dir
1079 406 1191 455 ianthina
1202 407 1280 457 ναῶ.

161 486 225 535 Sam
237 485 366 533 ianthinum
376 503 422 550 pro
431 485 592 551 hyacinthina
601 489 739 538 Merulam
749 490 903 539 Hermolaus
913 492 1036 541 ridemm
1055 491 1107 542 Sed
1114 490 1220 541 torum
1227 506 1281 540 mo·

160 570 225 619 liora
242 584 332 620 nosces
345 588 377 621 ex
386 572 505 621 Pintiano
516 580 541 621 ct
551 572 676 622 Salmasio
688 576 721 622 ad
730 575 881 623 Tertulliani
892 575 1005 625 Pallium
1015 592 1041 639 p.
1052 581 1119 636 1³7,
1126 576 1154 625 in
1162 575 1282 627 Solinuru

160 670 184 717 p.
197 658 254 704 273.
273 656 424 719 Oceanique
436 657 545 705 Ferrarii
556 656 648 719 insigni
661 673 738 720 opere
750 661 782 707 de
794 661 951 708 revestiaria
962 670 1026 724 part.
1041 666 1063 709 1.
1075 660 1120 709 hh
1132 665 1156 709 ἱ.
1168 675 1224 724 cap.
1236 660 1260 707 7.

194 736 247 799 [26,
261 737 306 800 47]
325 738 424 789 Summa
442 740 491 787 sias
510 749 598 787 natura
615 742 639 787 in
656 742 748 811 nomine
759 741 804 803 est]
824 742 923 792 Samma
942 753 1031 792 mantra
1047 744 1097 792 airis
1113 743 1196 793 Acad-
1212 742 1281 794 Gan

160 821 289 873 Vossiani.
312 824 452 873 Salmasius
469 826 545 874 scribi
564 826 642 874 iubet.
659 825 759 875 Summa
776 836 877 876 naturae
892 828 950 883 cira,
967 840 996 878 ut
1011 844 1104 876 sauma
1119 826 1175 889 soti,
1190 842 1283 876 m

159 922 241 955 carae.
259 910 293 956 ad
310 909 390 957 Solio.
407 925 431 973 p.
449 912 506 958 966.
525 911 672 972 l’erpcram,
689 920 718 959 ut
735 920 804 973 puto.
822 927 883 960 nam
898 914 992 961 eodem
1008 927 1083 962 sensu
1095 920 1122 961 et
1137 912 1281 974 elegantius

160 992 252 1041 dicitur
262 1008 352 1040 summa
364 1000 461 1047 natura,
473 1005 604 1041 utrumme
615 992 756 1056 respublica.
776 996 843 1045 Vide
856 999 888 1045 ad
899 997 1000 1045 Litium
1012 997 1056 1046 lib.
1069 1002 1111 1057 26,
1125 1002 1165 1045 10.
1190 1036 1194 1042 ,

194 1075 259 1127 Car.
273 1076 319 1125 lx.
339 1074 392 1138 [30.
412 1076 456 1138 54]
480 1078 513 1127 L't
524 1077 655 1138 meratina,
672 1077 881 1142 hippomaratlsro]
900 1080 1021 1130 Vossiani
1032 1084 1084 1131 duo
1097 1080 1281 1144 (inditumque

98 1162 146 1210 778
160 1160 277 1217 maratha,
289 1160 478 1225 hippomaratho.
491 1174 519 1211 nt
532 1174 558 1212 et
569 1164 638 1212 alibi.
655 1163 770 1227 Utroque
784 1174 869 1213 autem
881 1168 995 1215 modoet
1008 1166 1114 1216 Graecis
1125 1165 1249 1215 senbimr.

194 1246 259 1297 Car.
273 1247 306 1295 X.
320 1243 374 1307 [34,
386 1245 431 1308 60]
444 1246 590 1295 Abrotonum
602 1246 674 1295 odore
685 1247 784 1296 iucunde
794 1250 867 1311 pravi
868 1249 945 1312 Jloret
955 1248 1058 1312 aestate]
1071 1251 1150 1299 Recte
1162 1249 1283 1300 oderim

161 1330 260 1379 iucunde
279 1330 360 1394 prasi:
381 1335 425 1380 scd
447 1328 478 1379 τὸ
501 1340 593 1379 catate
614 1333 675 1381 defit
689 1334 716 1381 in
734 1334 886 1384 castioribus
901 1334 1071 1395 membranis,
1093 1342 1178 1385 ortum
1200 1349 1234 1383 ex
1248 1341 1285 1383 cst

160 1422 246 1474 autern,
263 1417 333 1477 quod
350 1417 423 1464 video
439 1418 467 1464 in
485 1417 561 1465 Voss.
575 1416 683 1476 duobus,
700 1417 857 1467 Academico
870 1427 895 1468 et
907 1418 1035 1478 Gudiano,
1052 1428 1078 1467 et
1088 1418 1183 1467 adiecit
1193 1418 1285 1483 aliquis

161 1500 308 1563 expleturus
325 1501 351 1548 in
368 1501 484 1562 sequenti
497 1501 643 1559 commatio,
660 1503 728 1562 quod
741 1501 842 1551 Plinius
854 1503 970 1551 voluerat
980 1503 1096 1566 intelligi.
1114 1501 1216 1553 Sufficit
1224 1516 1285 1551 vero

161 1583 248 1647 paullo
260 1593 317 1646 prist
329 1584 379 1631 dici
391 1585 422 1632 de
434 1584 559 1633 abrotono
572 1594 598 1632 et
610 1585 703 1632 adonio
715 1586 833 1635 iunctim:
851 1587 980 1650 Utramque
989 1586 1066 1650 floret
1076 1594 1174 1635 wtate.

195 1668 260 1718 Car.
279 1667 326 1717 XI.
346 1664 403 1728 [36,
423 1665 467 1728 62]
486 1666 656 1731 hyctepretum
677 1668 738 1716 inter
758 1685 840 1732 pauca
861 1671 962 1719 miratus
981 1679 1017 1719 est
1037 1670 1188 1720 Dmoertua
1202 1667 1287 1719 culmis

161 1749 237 1815 iana]
262 1752 358 1802 Omnes
379 1749 546 1816 Nyctepreton.
573 1752 640 1801 Dein
658 1753 720 1802 Mas.
739 1762 849 1816 quatuor
864 1754 949 1803 coloris
966 1754 1050 1819 lupini
1061 1752 1128 1818 solio
1143 1753 1226 1818 spineo
1241 1760 1287 1803 aut
1356 1799 1361 1809 ,

162 1835 249 1900 lu'pini3
266 1836 307 1885 cui
323 1836 435 1886 maxime
452 1837 568 1899 fidimus,
585 1834 670 1885 colore
686 1836 775 1901 lupini
787 1838 853 1902 folio
869 1838 984 1903 aspinae
1008 1840 1108 1890 Scribe:
1126 1835 1288 1903 Nyctepreloa

161 1921 224 1968 inter
241 1936 323 1985 pauca
343 1921 443 1969 miratus
463 1929 499 1969 est
518 1920 683 1982 Democritus,
704 1921 790 1970 colora
810 1922 915 1987 lyspini.
929 1922 995 1986 folio
1015 1924 1106 1986 spinae.
1133 1922 1288 1987 Hesychius,

158 1998 290 2069 “lasura-r,
308 2001 406 2066 βάμμα
419 2021 451 2053 τι.
470 2005 565 2055 Noster
576 2006 619 2055 lib.
633 2011 656 2067 9,
670 2013 701 2055 42
716 2004 827 2070 [potiuss
845 2013 869 2069 9,
882 2016 923 2067 41,
938 2015 978 2069 65,
993 2005 1065 2069 140]:
1082 2006 1139 2070 quin
1156 2015 1179 2055 et
1194 2014 1289 2055 terena

160 2090 264 2149 miscere,
276 2106 387 2152 coccoque
400 2088 494 2138 unctum
510 2090 535 2138 T
528 2090 582 2154 prm
595 2090 692 2153 tinpere,
705 2097 731 2138 ut
740 2091 816 2152 fieret
826 2090 958 2156 lyspinam.
977 2093 1034 2141 Lib.
1046 2097 1088 2151 21,
1100 2097 1132 2141 26
1146 2089 1200 2153 [97,
1213 2087 1288 2152 llo]:

162 2173 323 2238 Hyacinthum
340 2174 364 2221 in
384 2173 468 2225 Gallia
485 2174 587 2222 maxime
602 2173 726 2238 provenit:
744 2174 787 2223 lioc
803 2175 838 2224 ibi
849 2191 896 2239 pro
913 2192 980 2225 cocco
991 2176 1115 2241 hyspinum
1128 2175 1227 2239 ts'nqant.
1245 2173 1290 2224 sic

164 2258 280 2309 Hermol.
302 2259 430 2309 Barbarus
447 2276 492 2323 pro
510 2275 554 2321 eo,
574 2263 641 2323 quod
656 2261 683 2308 iu
700 2269 759 2310 vett.
777 2259 821 2309 loc
837 2260 872 2309 ibi
894 2259 956 2310 loco:
977 2264 1045 2311 unde
1064 2260 1180 2310 nonnulli
1200 2267 1290 2323 postea
1341 2322 1346 2329 ι

162 2340 271 2403 locorum,
289 2347 356 2407 qaod
373 2352 399 2393 et
416 2344 555 2395 Salmasius
573 2347 605 2394 ad
618 2344 700 2395 Solin.
718 2361 743 2408 p.
756 2349 814 2395 ata.
827 2347 946 2409 sequitur.
965 2345 1065 2396 Censeo
1077 2343 1181 2394 scribas:
1194 2341 1237 2390 ltoc
1256 2341 1291 2389 sbi

158 2427 216 2489 suco
236 2427 358 2493 lyapinum
380 2427 479 2492 tinpunt.
496 2431 554 2480 Lib.
575 2436 622 2491 35,
645 2427 731 2491 6[2s‚
754 2428 812 2490 45]:
834 2428 914 2478 Causa
930 2438 976 2490 est,
992 2428 1057 2493 qaod
1071 2427 1171 2494 ltpspino
1186 2426 1290 2474 maxima

162 2511 274 2575 inficitur.
293 2514 444 2564 Athenaeus
460 2514 503 2563 lib.
522 2521 537 2563 6
555 2512 589 2575 [c.
609 2520 647 2564 16.
666 2529 690 2577 p.
709 2518 765 2562 955.
778 2512 826 2575 E]:
847 2510 898 2562 dria
916 2505 938 2562 δ’
959 2511 1010 2562 ὑπὸ
1024 2512 1084 2571 τοῖς
1093 2507 1171 2561 ποσὶν
1184 2509 1288 2574 ὑσγινο-

162 2591 252 2661 βαφῆ,
271 2596 378 2661 Ilpspini
388 2613 469 2660 sagax
481 2612 582 2661 quoque
593 2598 727 2648 Pintianus
739 2599 911 2661 deprehendit.

199 2677 257 2741 [40,
271 2678 315 2741 69]
341 2680 373 2729 Ut
384 2680 449 2728 iutra
460 2679 488 2728 id
499 2687 587 2743 tempas
596 2680 716 2744 purpata]
735 2683 810 2730 Voss.
824 2683 946 2746 optimus:
962 2690 1123 2747 parparyata.
1141 2681 1221 2744 Leges
1230 2694 1288 2743 ptr·

162 2769 270 2826 purpata
285 2779 315 2811 ac
328 2780 394 2827 pura
409 2763 464 2812 sint.
482 2765 540 2814 Lib.
559 2770 599 2823 34,
619 2772 649 2815 13
669 2764 722 2827 [37,
742 2764 801 2828 196]
819 2767 910 2815 rimare
928 2774 951 2816 et
967 2767 1125 2815 excrescentia
1147 2779 1287 2824 meramors,

161 2863 318 2912 perparpare.
338 2847 450 2898 Utuntur
462 2857 487 2897 et
497 2849 604 2899 Plautus
617 2858 643 2899 et
654 2850 737 2900 Varro
749 2851 780 2900 de
792 2864 819 2900 re
831 2858 892 2901 rust.
905 2857 929 2913 2,
944 2859 972 2902 ll
988 2850 1037 2913 [2].

199 2931 263 2982 Car.
280 2932 342 2982 XIL
361 2930 419 2995 [41,
439 2930 481 2994 70]
510 2932 620 2982 Maxime
637 2933 758 2996 alvearia]
786 2936 843 2984 Hoc
859 2937 886 2984 in
903 2936 1029 2985 vocabulo
1046 2944 1071 2984 et
1088 2936 1110 2984 ei
1127 2935 1210 2983 vicino
1226 2930 1289 2981 alvei

164 3024 299 3081 perpetuus
319 3032 387 3066 error
406 3033 458 3067 non
478 3019 597 3081 vulgatos
618 3020 706 3080 modo,
728 3021 771 3068 sed
793 3026 818 3068 et
839 3021 943 3069 secundi
963 3020 1063 3082 generis
1081 3021 1288 3068 membranaceos

165 3101 271 3152 obsidet.
300 3101 368 3151 Nam
385 3103 428 3164 qui
445 3104 517 3152 nobis
535 3104 585 3152 hoe
602 3105 733 3166 negotium
750 3103 823 3163 fecit,
840 3104 867 3150 in
884 3117 914 3152 eo
930 3104 1024 3164 legitur
1040 3101 1149 3162 adama,
1166 3104 1233 3166 quod
1250 3108 1299 3171 est¹
1396 3120 1401 3127 ·

164 3185 267 3236 alvaria.
291 3186 333 3237 sic
352 3186 430 3246 infra,
453 3186 488 3235 At
508 3187 613 3251 parietas
634 3187 770 3236 circumseri
789 3186 903 3235 alveariis
924 3186 1100 3250 pratissimum:
1122 3186 1166 3236 illo
1188 3185 1288 3234 albaris.

166 3270 299 3321 Similiter:
321 3269 447 3335 Imperant
468 3271 568 3319 navibus
588 3270 668 3320 alveos
688 3272 838 3334 noctibusque
854 3270 927 3334 quina
944 3268 1020 3318 millia
1033 3286 1148 3333 passuum
1165 3269 1288 3318 contrario

164 3371 233 3403 arnae
250 3372 322 3403 naves
337 3354 471 3405 subvehunt.
492 3356 571 3414 Idem,
588 3355 715 3420 Imponunt
731 3357 830 3404 naviims
842 3354 915 3403 alvos.
934 3357 1025 3404 deiude
1041 3357 1143 3417 ignorat
1160 3350 1191 3402 τὸ
1204 3370 1287 3403 aava:

164 3446 190 3488 ct
205 3440 303 3499 morito,
319 3454 501 3502 supervacuum
515 3441 583 3488 enim
596 3448 641 3488 est.
659 3442 734 3490 Mox:
753 3437 825 3488 donec
835 3437 941 3502 pondere
953 3439 1003 3502 ipso
1011 3438 1103 3502 pressis
1114 3438 1214 3487 navibus
1221 3437 1290 3502 pleni

164 3520 228 3570 alvei
247 3519 415 3585 intellipautur.
438 3522 560 3587 Scriptus,
575 3522 661 3586 plenae
678 3523 728 3572 alvi
743 3521 914 3587 intellepamar.
938 3522 981 3572 Sic
998 3532 1024 3572 et
1040 3538 1094 3586 cap.
1114 3527 1153 3572 14.
1171 3520 1290 3570 Alvearia

165 3606 274 3655 orientem
301 3605 497 3669 aequinoctialem
522 3616 628 3671 spectare
653 3607 765 3656 convenit.
797 3608 872 3658 Voss.
894 3606 1007 3657 Alveria.
1040 3609 1150 3658 Deinde:
1171 3605 1289 3655 Alvearia

165 3692 254 3754 optima
265 3706 277 3739 e
289 3691 379 3752 cortice,
397 3690 501 3741 secunda
510 3691 603 3756 serula,
622 3692 692 3740 tertia
704 3692 797 3742 vimine.
816 3691 892 3741 Multi
901 3708 931 3741 ea
943 3701 965 3740 et
975 3691 1096 3756 speculari
1109 3690 1189 3756 lapide
1197 3692 1288 3755 fecere.

164 3777 276 3827 l’intiani
290 3779 385 3837 codex,
401 3775 478 3825 Alvus
490 3777 598 3840 optimae.
617 3779 693 3828 Voss.
706 3775 782 3825 Alvos
793 3777 877 3841 optime
889 3778 986 3838 cartice3
1005 3786 1060 3827 tum
1071 3777 1152 3826 nescit
1163 3771 1194 3824 τὸ
1208 3790 1245 3835 ea,
1260 3781 1291 3823 ut

166 3869 191 3909 et
202 3861 321 3911 Pintiani.
340 3861 438 3912 Scribe:
452 3860 526 3911 Alvos
538 3861 639 3925 optimas
651 3878 663 3909 e
675 3862 767 3922 omues,
784 3859 899 3910 secundas
907 3860 1002 3924 serula,
1016 3861 1099 3909 tertias
1111 3860 1210 3922 vimmo,-
1221 3855 1290 3906 mulli

165 3953 187 3992 et
203 3944 322 4008 speculari
340 3945 420 4010 lapide
429 3946 519 4009 secere.
538 3947 611 4007 Item,
633 3944 771 3995 circumlini
784 3943 864 3994 alveos
871 3947 934 4010 fimo
948 3944 1031 3994 bubulo
1041 3943 1196 3994 utilissimam.
1216 3943 1290 4007 Opti·

165 4044 234 4091 mus,
252 4029 325 4080 alvos.
351 4032 454 4087 Statim,
471 4031 495 4080 si
509 4046 609 4094 mapnaa
625 4030 657 4078 sit
673 4029 761 4080 alveus.
779 4031 862 4080 Aead.
879 4030 902 4079 ai
916 4046 1005 4094 mapua
1021 4030 1069 4077 sint
1085 4026 1201 4077 alvearia.
1221 4027 1288 4081 Gnd.

166 4129 254 4176 rrrapaa
275 4114 308 4163 sit
328 4115 448 4166 alveariis.
471 4118 547 4166 Voss.
565 4116 665 4177 Andeg.
688 4130 776 4178 rnapaa
791 4114 824 4162 sit
841 4112 949 4164 alveriae.
972 4116 1077 4176 Menap.
1095 4129 1205 4177 inaquam
1222 4119 1244 4161 et
1259 4111 1291 4160 sit

166 4194 287 4246 alveariis.
306 4198 389 4260 Quem
407 4203 542 4265 sequimur,
560 4208 586 4248 at
597 4197 673 4249 chit.
690 4199 713 4247 si
723 4214 811 4262 acapna
822 4199 854 4247 sit
865 4198 940 4248 alvus.
960 4199 1068 4248 Ibidem:
1085 4196 1204 4246 Alvearia
1216 4195 1291 4245 liene
