2918 4794
346 1481 349 1485 Ι
402 1299 1056 1420 raonuaonnun.

685 1598 761 1680 tr.

519 1737 566 1786 DE
584 1735 756 1787 HISTORIA
774 1735 924 1788 comcls.

164 1836 208 1939 In
229 1873 419 1940 bibliotheca
439 1874 622 1940 monasterii
644 1875 686 1940 ad
709 1873 744 1941 S.
766 1873 905 1940 Paulum
932 1874 966 1938 in
992 1873 1075 1938 valle
1096 1869 1278 1938 Lavantina

165 1980 350 2050 Carinthiae
371 1985 472 2050 codex
491 1985 752 2051 membranaceus
771 1995 955 2051 asservatur
971 2004 1057 2049 nunc
1077 2002 1211 2049 numero
1232 1978 1287 2045 III

165 2116 228 2160 sec
243 2097 274 2172 8,
295 2094 457 2178 quondam
471 2093 689 2159 LXXXVII
707 2104 845 2174 notatus,
869 2095 925 2179 qui
940 2092 975 2160 S.
992 2092 1184 2178 Hieronymi
1198 2112 1286 2157 com·

164 2205 355 2268 mentatium
376 2204 411 2266 in
432 2204 684 2268 ecclesiasticum
704 2204 834 2290 paginis
856 2205 918 2268 267
939 2201 1170 2290 langobardica
1191 2222 1287 2265 manu

166 2312 292 2377 saeculo
303 2310 392 2377 VIII
406 2321 572 2375 exaratum
583 2311 723 2376 continet
733 2321 830 2396 atque
844 2312 921 2377 illuc
932 2332 950 2376 e
961 2310 1152 2377 monasterio
1166 2307 1201 2375 S.
1212 2308 1286 2374 Bla-

166 2420 205 2485 sii
226 2420 260 2484 in
281 2419 364 2486 silva
383 2419 478 2508 nigra
499 2421 672 2485 translatus
694 2431 751 2499 est,
774 2442 848 2486 cum
868 2420 1015 2486 monachi
1036 2416 1192 2485 aSancto
1207 2417 1286 2483 Bla-

165 2529 213 2594 sio
234 2528 389 2596 nominati
410 2552 495 2596 anno
518 2532 601 2596 1807
622 2552 687 2595 non
709 2551 749 2595 ex
771 2530 935 2597 voluntate
958 2552 1026 2608 sua,
1048 2530 1107 2596 sed
1127 2528 1287 2616 potentio-

164 2662 236 2705 rum
256 2641 400 2707 inssibus
421 2650 570 2727 parentes
590 2641 624 2705 in
642 2637 843 2706 Corinthiam
863 2641 1068 2730 emigrarent.
1092 2638 1160 2706 Sed
1181 2661 1288 2724 neque

163 2750 313 2837 primitus
333 2752 368 2816 in
389 2751 580 2817 monasterio
603 2746 638 2817 S.
661 2750 761 2817 Blasii
784 2752 923 2838 scriptus
944 2761 992 2817 est
1013 2750 1067 2818 hic
1087 2749 1179 2816 liber.
1201 2747 1286 2813 Nam

165 2871 386 2948 tegumentum
407 2862 527 2927 codicis
549 2872 582 2926 et
603 2861 734 2927 additus
759 2862 877 2927 veteris
899 2860 1112 2927 bibliothecas
1133 2880 1287 2926 numerus

165 2968 391 3048 LXXXVII,
414 2972 466 3036 cui
487 2971 567 3036 haec
587 2971 712 3036 adiecta
733 2982 784 3037 est
804 2971 988 3057 inscriptio:
1012 2973 1092 3036 liber
1114 2973 1206 3057 capio
1220 2993 1287 3034 mo·

166 3081 257 3155 ἱονίε,
279 3079 392 3163 procul
413 3079 511 3144 dubio
533 3079 752 3144 demonstrant
777 3079 864 3146 hunc
884 3080 1137 3167 manuscriptum
1158 3079 1233 3145 olim
1254 3080 1290 3144 in

167 3186 359 3251 monasterio
379 3185 510 3273 Augias
530 3187 661 3253 maioris
682 3189 735 3254 vel
757 3189 865 3254 divitis
887 3197 1048 3255 servatum
1068 3189 1179 3268 fuisse,
1203 3189 1290 3273 quod

168 3307 201 3361 et
225 3295 436 3362 Insulanense
464 3297 498 3362 in
525 3297 597 3362 lacu
625 3296 866 3365 constantiensi
891 3299 944 3365 vel
972 3297 1289 3377 Sintleozes-Auva,

171 3404 453 3494 Sintlacis·Augia
481 3406 717 3495 appellabatur,
747 3409 843 3476 hodie
872 3420 980 3476 autem
1007 3411 1189 3497 germanice
1210 3411 1289 3474 Rei·

170 3517 290 3583 cltcnca
311 3527 454 3582 vocatur.

213 3625 351 3692 Codices
365 3626 552 3716 Augienses
568 3628 653 3694 enim
675 3642 831 3716 quotquot
852 3654 870 3697 e
892 3631 987 3696 ruina
1007 3628 1154 3698 coenobii
1176 3649 1290 3716 super-

170 3737 260 3803 fuere
294 3737 425 3804 ineunte
453 3738 515 3805 hoc
543 3739 670 3805 saeculo
698 3738 731 3805 in
756 3739 985 3808 bibliothecam
1014 3740 1149 3807 aulicam
1179 3738 1291 3806 Oarls·

170 3846 326 3911 ruhanam
341 3847 438 3912 delati
453 3858 538 3926 sunt,
560 3870 640 3933 quos
659 3871 732 3914 cum
747 3870 843 3937 saepe
856 3851 1014 3938 inspicere
1028 3850 1122 3917 nobis
1135 3850 1290 3931 licuisset,

172 3955 265 4021 facile
287 3957 503 4024 intelleximus
524 3959 610 4025 hunc
631 3958 749 4024 librum
770 3960 804 4024 in
825 3959 970 4027 eiusdem
984 3961 1167 4028 monasterii
1188 3963 1291 4029 luisse

172 4065 375 4145 bibliotheca,
404 4091 468 4133 non
490 4070 620 4158 Augias
642 4070 781 4147 maioris,
806 4093 888 4156 quae
915 4073 1096 4159 germanice
1118 4074 1292 4139 Meliterao
