2918 4794
530 293 635 336 norun
651 295 694 335 sn
709 295 792 335 mss.
808 294 926 334 xxx111.
1245 270 1284 333 73

168 447 252 496 omnis
261 446 353 510 partim
363 460 395 494 ex
406 445 508 507 optimis
520 446 600 505 codd,
609 446 701 506 partim
714 459 747 494 ex
759 445 907 494 coniectura
914 445 951 492 ita
960 443 1149 506 concipiendus:
1166 441 1226 500 Quis
1236 442 1287 506 pri-

166 546 218 579 mus
229 528 330 578 donatus
341 528 373 577 sit
383 543 419 588 ea,
432 543 477 576 non
490 528 574 576 inveni.
598 526 724 589 Equidem,
742 527 784 590 qui
795 527 889 590 primus
906 524 1034 587 donaverit,
1051 542 1068 573 a
1079 525 1168 575 Pisone
1184 524 1288 575 traditur
1359 543 1363 549 ·

166 613 199 663 A.
211 613 348 664 Postumius
359 611 461 662 dictator
477 609 544 674 apud
559 610 635 659 lacum
647 609 775 674 Repillum,
794 611 881 659 castris
893 609 1035 658 Latinorum
1052 609 1207 673 erpupnotis:
1222 610 1288 658 cuius

109 672 117 687 Ι
166 698 268 746 maxime
279 713 353 760 opera
364 703 436 759 capta
448 702 530 755 essent,
543 694 597 742 buis
609 710 719 743 coronam
732 710 760 742 ere
769 693 865 758 praeda
877 694 897 742 is
909 693 981 743 dedit.
999 693 1058 742 Rem
1067 693 1100 743 L.
1110 692 1225 742 Lentulus
1234 692 1287 744 Ser.

170 779 276 830 Cornelio
284 776 416 830 Merendae
425 777 566 828 Samnitium
578 776 665 842 oppido
676 787 753 841 capto.
768 776 819 829 Sed
830 777 884 826 buia
895 778 996 841 quinque
1008 777 1131 828 librarum.
1144 777 1203 827 Piso
1211 777 1291 840 Fmepi

159 865 243 928 filium
256 880 285 913 er:
293 863 394 927 priuata
403 862 505 926 pecunia
517 860 622 922 donant,
637 879 734 925 eamque
746 878 854 912 coronam
868 870 1002 912 testamento
1019 863 1043 911 ei
1054 861 1211 926 praelepaoit.
1234 862 1287 911 Pro

167 965 198 999 eo
211 951 280 1013 quod
290 948 368 1011 vulgo
381 953 428 1007 est,
441 944 492 996 Sed
502 946 556 1008 quis
563 946 676 1010 primum,
694 947 764 997 Men.
782 956 807 997 et
819 948 885 999 Gud.
903 955 926 995 et
942 945 1005 1010 quod
1015 946 1069 1009 quis
1078 946 1190 1010 primurn,
1205 947 1288 996 Acad.

167 1041 190 1081 et
200 1049 258 1096 quos
269 1030 333 1094 quod
342 1031 365 1080 si
376 1030 430 1094 quis
438 1030 542 1094 primum
554 1030 618 1093 quod
628 1032 681 1094 quis
689 1032 801 1095 primum,
813 1033 850 1082 ita
858 1041 887 1081 ιιι
896 1033 1007 1096 quinque
1016 1046 1091 1080 voces
1100 1031 1216 1080 inductas
1227 1029 1289 1079 velit

166 1132 214 1181 pro
230 1116 306 1165 nullis
326 1116 425 1164 haberi:
442 1115 560 1178 optimus,
579 1121 607 1163 ιιι
623 1117 875 1178 repraesentavimus.
907 1116 978 1165 Idem
995 1115 1128 1178 pepulerat
1144 1110 1175 1162 τὸ
1193 1113 1216 1162 ei
1230 1121 1289 1164 ante

167 1199 243 1260 cuius,
255 1208 280 1249 et
291 1213 371 1263 paene
383 1207 412 1248 ιιι
423 1199 546 1249 Pintiani:
559 1197 621 1246 banc
633 1214 742 1246 coronam
755 1214 784 1246 en
792 1196 888 1261 praeda
899 1197 935 1246 bis
947 1196 1019 1248 dedit.
1045 1200 1188 1250 Samnitum
1201 1199 1289 1262 oppidi

169 1284 260 1334 Caudii
271 1297 367 1341 nomeu
379 1283 503 1332 excidisse
515 1283 658 1344 suspicatur
669 1283 788 1344 Pighius:
808 1284 877 1344 quod
894 1297 982 1344 posses
998 1297 1120 1346 reponere
1131 1296 1178 1345 pro
1189 1282 1236 1331 illo
1247 1281 1290 1329 sed

167 1365 232 1416 buis:
250 1368 321 1429 quod
336 1381 390 1416 nou
406 1374 500 1416 temere
517 1367 553 1415 sic
569 1374 674 1430 apparet
689 1367 716 1414 in
733 1366 834 1416 chiflet.
852 1374 878 1415 et
889 1367 966 1416 Voss.
983 1373 1052 1428 copto
1068 1363 1112 1413 sed
1122 1364 1175 1413 bute
1187 1365 1289 1428 quinque

167 1449 282 1499 librarum
293 1449 360 1499 Piso.
378 1450 453 1500 Unde
465 1450 585 1500 discimus
597 1458 664 1499 certe
675 1450 828 1499 vocabulum
840 1465 928 1498 corona
944 1451 1013 1498 mala
1029 1449 1068 1499 his
1080 1450 1163 1498 verbis
1174 1449 1288 1512 interpo-

167 1535 251 1594 situm,
264 1535 333 1596 quod
344 1540 370 1583 et
381 1535 482 1595 ingrata
494 1535 548 1582 eius
560 1535 675 1597 repetitio
688 1535 715 1582 iu
724 1541 795 1584 tanta
803 1535 931 1584 vicinitate
943 1542 968 1584 et
977 1535 1084 1584 historia
1093 1534 1185 1596 arguit.
1204 1534 1289 1594 Quam

167 1615 227 1667 licet
243 1633 276 1667 ex
292 1617 398 1667 Valerio
415 1619 531 1668 Maximo
547 1619 592 1666 lib.
606 1625 630 1678 4,
643 1625 658 1668 3
673 1616 729 1679 [10]
748 1633 927 1681 recognoscas:
948 1616 1034 1667 Consul
1048 1618 1121 1682 pravi
1128 1617 1288 1681 supitivornm

167 1699 226 1749 bello
237 1717 254 1750 a
265 1716 290 1748 se
302 1699 404 1749 liberata
415 1699 503 1750 Sicilia
515 1717 559 1761 eos,
572 1717 668 1764 quorum
679 1701 813 1764 praecipua
825 1717 898 1764 opera
909 1702 1065 1764 usussuerat,
1077 1701 1229 1764 imperatorio
1241 1718 1288 1750 mo-

167 1782 273 1832 re'donis
282 1786 473 1847 prosequebatur.
496 1783 564 1832 Inter
580 1800 637 1845 quos
646 1783 728 1845 filium
746 1800 813 1832 suum
826 1783 882 1832 locis
894 1784 986 1846 aliquot
997 1783 1143 1846 praeliatum
1157 1785 1289 1846 fortissime

168 1866 235 1916 titulo
247 1867 317 1916 idum
330 1867 443 1917 librarum
455 1882 543 1915 aureae
555 1882 655 1915 coronae
668 1865 800 1928 decoravit,
810 1868 938 1930 praefatus
946 1883 991 1915 non
1001 1874 1108 1929 oportere
1118 1883 1135 1915 a
1147 1869 1289 1955 mapistratu

167 1966 180 1998 e
189 1950 284 2013 publica
291 1952 393 2015 pecunia
401 1951 503 2015 eropari,
515 1949 579 2013 quod
587 1951 610 1998 in
619 1951 697 2013 ipsius
706 1948 797 1999 domum
809 1949 937 1999 rediturum
947 1958 1006 1998 esset
1011 1971 1018 2002 .·
1030 1959 1166 2014 tantumque
1175 1950 1289 2014 ponderis

166 2049 192 2081 se
205 2041 339 2083 testamento
351 2033 494 2082 adolescenti
505 2033 635 2098 lepatnrurn
645 2033 767 2096 promisit,
785 2041 811 2080 ut
827 2032 934 2082 honorem
944 2033 1038 2097 publice
1049 2050 1066 2082 a
1077 2032 1142 2096 duce,
1157 2034 1259 2097 pretium
1271 2052 1288 2084 a

164 2125 236 2180 patre
244 2117 359 2181 privatim
376 2117 500 2181 acciperet.
525 2117 655 2180 Numquid
667 2131 741 2178 erga:
761 2116 810 2180 Spe
826 2118 883 2166 auri
898 2118 999 2181 quinque
1011 2117 1124 2167 librarum
1137 2119 1198 2168 Piso
1210 2119 1290 2181 diupi

160 2200 262 2262 filium?
811 2200 814 2207 '

201 2286 265 2336 Car.
278 2287 327 2334 111.
342 2284 395 2347 [lm
408 2283 452 2346 39]
474 2283 544 2333 Cuius
560 2283 655 2334 sceleris
671 2302 713 2334 nos
731 2288 879 2349 coarpuimus
897 2285 962 2334 illum
973 2287 1076 2348 primum
1088 2285 1140 2350 qur]
1159 2288 1235 2339 Voss.
1253 2287 1290 2336 Et

166 2385 208 2418 nos
219 2368 313 2417 sceleris
330 2368 452 2430 arquimus
467 2366 540 2428 illum,
557 2368 599 2430 qui
612 2372 704 2430 primus
721 2368 934 2432 aurodipnitatem
949 2385 993 2432 per
1009 2368 1108 2417 annulos
1117 2369 1188 2428 fecit.
1211 2372 1246 2420 Ut
1262 2381 1288 2419 et

165 2454 307 2512 Pintianus,
325 2453 396 2500 cuius
408 2451 484 2501 etium
500 2449 542 2500 Ito
553 2450 663 2512 bacules,
676 2450 737 2500 idem
749 2454 809 2500 enim
823 2460 847 2501 tu
858 2453 943 2512 Brute,
955 2454 1032 2516 plane
1044 2454 1184 2504 Vossianus
1197 2455 1288 2503 conflr-

166 2545 226 2587 mat.
245 2536 377 2584 Particula
387 2536 455 2584 utin
465 2535 611 2598 virgiliano
624 2534 701 2597 [Aen.
717 2542 757 2596 10,
770 2534 845 2596 468]:

369 2618 405 2667 Et
416 2616 550 2668 dubitamus
561 2618 639 2667 adbuc
650 2620 757 2668 uirtutem
771 2619 894 2668 estendere
904 2620 1001 2683 factis?
1303 2625 1351 2668 815

200 2702 254 2766 [lu
267 2701 311 2765 41]
331 2702 455 2754 Salutaris
467 2711 562 2752 mortus
581 2703 725 2767 Vespasiani
736 2703 872 2768 Principis]
891 2707 985 2755 Parum
998 2707 1110 2767 interest,
1123 2707 1167 2755 sed
1180 2714 1289 2769 quatuor

77 2822 80 2841 t
165 2789 253 2848 nostri,
273 2787 418 2851 Vespasiani
429 2787 585 2850 imperatoris.
880 2831 882 2834 ,
1055 2805 1058 2808 ⁴

199 2869 254 2933 [la
271 2870 315 2934 42]
334 2871 450 2932 Ldsrab’s,
465 2870 527 2919 unde
543 2871 613 2919 etiam
631 2888 693 2920 nunc
711 2873 793 2922 libella
809 2873 898 2922 dicitur
915 2881 937 2923 et
953 2872 1095 2937 dupondius,
1111 2874 1289 2938 appendebatur

165 2954 239 3017 assis]
257 2957 298 3006 Ita
314 2957 378 3007 haec
393 2956 603 3018 interpungenda‚
624 2971 658 3004 ue
674 2959 816 3042 dupondius
833 2970 902 3005 asses
918 2959 989 3015 inde,
1006 2965 1033 3006 ut
1055 2959 1157 3020 quidam
1174 2958 1288 3019 iecerint,

166 3041 361 3100 constituamus,
381 3040 407 3088 id
425 3045 474 3099 est,
492 3039 605 3098 bilibres,
624 3047 711 3088 monet
729 3039 868 3088 Salmasius
885 3040 916 3087 de
932 3041 1014 3088 usuris
1030 3055 1055 3102 p.
1069 3044 1126 3089 571.
1150 3040 1205 3110 Sed,
1221 3044 1289 3092 unda

165 3124 230 3172 baec
246 3123 380 3173 insolentia
393 3123 488 3183 Plinio,
506 3130 535 3171 ut
550 3121 612 3169 assis
628 3123 701 3170 malit
715 3123 742 3170 in
758 3123 915 3170 nominativo
933 3136 1008 3183 quam
1026 3136 1054 3168 as
1071 3122 1169 3176 mucre?
1187 3123 1288 3174 Scribe:

165 3204 277 3255 Librales
294 3204 366 3267 (unde
382 3205 514 3253 etiamnunc
531 3204 611 3254 libella
629 3204 716 3253 dicitur
733 3212 756 3252 et
772 3203 909 3268 dipondius)
930 3203 1125 3267 appendebantur
1145 3220 1218 3254 asses.
1246 3205 1289 3255 Sic

165 3290 231 3340 intra
243 3288 297 3352 [1:3,
309 3289 353 3352 45]
366 3291 519 3341 Vossianus:
532 3289 610 3338 Fabio
622 3289 732 3338 Maximo
745 3288 861 3337 dictatore
873 3289 935 3337 assis
946 3287 1047 3337 uncialis
1056 3289 1132 3353 sacti.

200 3372 253 3434 [1s,
270 3372 315 3435 te]
342 3373 406 3431 Quin
423 3381 446 3421 et
461 3372 561 3422 militum
577 3372 744 3436 stipendiorum
762 3373 804 3422 boc
821 3381 855 3421 est
875 3372 956 3437 stipis]
979 3375 1014 3422 Et
1034 3375 1078 3423 hic
1097 3373 1171 3423 facile
1192 3374 1288 3436 aliquid

165 3458 267 3507 molesti
283 3459 384 3507 sentias.
403 3458 546 3508 Vossianus
561 3456 682 3521 stipendia
697 3456 740 3506 boc
751 3466 787 3505 est
802 3456 871 3521 stipis
885 3455 1060 3520 ponderandis3
1076 3460 1134 3508 dein
1147 3459 1288 3508 dissimulat

164 3537 201 3588 τὰ
209 3539 329 3590 dicuntur:
347 3550 373 3590 st
389 3543 450 3591 satis
462 3549 500 3591 est
513 3543 601 3605 paullo
618 3549 677 3591 ante
694 3543 812 3604 positum.
830 3542 912 3605 Lege:
929 3541 991 3598 Quin
1008 3549 1031 3590 et
1046 3541 1145 3591 militum
1161 3541 1287 3606 stipendia,

165 3622 208 3671 boc
223 3631 265 3685 est,
281 3624 350 3687 stipis
363 3625 485 3688 pondera,
502 3623 688 3688 dispensatores,
707 3624 854 3689 libripendes.
882 3642 930 3688 qua
942 3622 1109 3674 'consuetudine
1125 3626 1150 3674 in
1159 3625 1209 3679 ‚bes
1237 3627 1288 3687 Qui

165 3708 233 3755 anim
251 3717 294 3757 aut
312 3709 354 3758 ubi
366 3716 504 3772 pensatores
520 3711 577 3759 istil
595 3710 633 3758 At
649 3706 823 3771 dispensatores
838 3711 932 3773 passim
950 3711 976 3759 iu
991 3711 1099 3772 magnis,
1116 3718 1145 3759 ut
1156 3718 1182 3759 et
1194 3712 1220 3759 iu
1231 3710 1287 3759 Au·

164 3799 247 3852 gusta,
263 3792 389 3841 domibus.
416 3791 459 3842 Sic
475 3791 616 3840 Armeniaci
633 3790 688 3840 belii
703 3789 860 3854 dispensator,
882 3807 958 3855 quem
975 3792 1043 3842 Nero
1061 3807 1154 3855 magua
1171 3794 1287 3842 mercede

163 3875 323 3936 manumisit,
340 3876 384 3924 lib.
403 3879 431 3936 7,
448 3880 480 3923 39
500 3874 557 3936 [40,
577 3872 651 3936 129],
672 3874 821 3938 dispensator
837 3875 975 3938 Hispaniae
996 3876 1110 3925 citerioris
1129 3877 1173 3926 lib.
1191 3883 1236 3937 33,
1256 3882 1283 3925 ll

166 3953 222 4018 [BQ
235 3955 304 4019 145].
322 3960 462 4020 Pintianus‚
474 3957 592 4022 stipendia
604 3966 627 4006 et
637 3958 707 4022 stipis
716 3957 896 4022 ponderandae.

200 4037 252 4101 [13,
266 4039 310 4103 45]
323 4026 414 4091 Librae
426 4051 503 4092 antem
513 4040 606 4106 pondus
618 4043 682 4091 aeris
694 4042 851 4106 imminutum]
864 4046 940 4094 Voss.
950 4043 1064 4095 Librare.
1078 4047 1173 4106 Scribe,
1187 4044 1287 4094 Librole
1355 4034 1357 4038 Α

165 4131 242 4171 autem
250 4122 346 4188 pondua
357 4126 428 4188 aeris,
441 4128 493 4177 sive
505 4128 586 4189 malis,
599 4127 667 4176 assis.
686 4126 787 4176 Librale
799 4137 824 4179 et
834 4130 976 4179 Pintianus.
