2918 4794
160 256 203 320 40
648 273 789 318 cuonem

158 434 240 490 potum
252 425 397 489 interponere
409 421 570 473 utilissimum:
588 424 688 488 itemque
703 425 780 489 inqem
797 424 953 488 superbibere.
971 423 1120 473 Ebrietatem
1132 425 1284 491 quidemfri-

158 508 232 574 qidue
243 517 314 574 potus
331 507 445 572 extemplo
461 506 563 558 discutit.
590 507 749 572 Interponere
767 519 795 558 ut
812 508 889 559 Celso
907 510 950 558 lib.
963 514 987 569 3,
1001 514 1024 558 6.
1047 508 1141 558 Poterit
1156 509 1227 558 semel
1242 519 1285 559 aut

160 593 197 643 bis
212 592 330 657 interponi
348 591 477 643 Graecum:
500 594 725 654 oscitantius,
744 599 766 642 5.
792 591 970 655 Interponenda
985 593 1132 641 abstinentia
1148 602 1188 642 est
1215 595 1284 644 Mar-

160 677 226 727 tialis
241 683 262 737 1,
275 681 331 727 107.
348 675 484 739 Interponis
496 692 584 739 aquam
597 675 702 738 subinde,
714 676 788 740 Rufe.
807 677 943 727 Suetonius
954 678 1062 741 Vespas.
1073 681 1113 727 20.
1133 675 1284 740 inediamque

159 760 228 810 nnius
245 760 294 809 diei
304 776 351 824 per
365 759 469 825 sinqulos
486 776 575 809 menses
590 761 752 824 interponeret.
775 759 856 825 quem
873 760 1026 825 superbibere,
1042 762 1167 824 intellige}
1180 776 1282 824 equum,

159 846 258 909 quoties
273 845 353 906 bibes,
372 844 529 908 superfusam
546 846 606 894 vino
622 845 714 896 bibere.
737 847 773 895 Ut
784 848 852 909 apud
864 845 990 896 Iustinum
1003 852 1033 895 12
1047 844 1101 909 [14,
1116 843 1156 906 9]:
1180 844 1205 894 in
1217 861 1284 908 aqua

151 927 260 994 friqida‚
278 945 348 992 quam
359 937 531 993 praequstatae
543 929 592 978 iarn
601 930 694 993 potioni
702 929 893 993 supermiserunt

194 1011 248 1075 [24,
261 1012 306 1075 to]
326 1012 522 1078 Solubern'mum,
534 1015 573 1063 eui
583 1013 644 1063 nibil
655 1015 680 1063 in
692 1023 766 1063 musto
778 1012 886 1063 additum
898 1013 944 1076 est]
968 1016 1045 1066 Voss.
1058 1014 1083 1063 in
1095 1022 1179 1064 musta.
1196 1029 1253 1077 cup.
1267 1019 1281 1064 7

160 1095 213 1160 [64,
229 1095 300 1159 127];
318 1098 432 1147 Dentium
446 1115 537 1162 quoque
548 1097 626 1148 dolari
635 1097 674 1147 bic
685 1115 769 1148 succum
780 1097 902 1162 adpositus
913 1099 938 1147 in
951 1098 1009 1146 lana
1018 1097 1116 1163 prodest
1127 1105 1170 1146 aut
1181 1096 1206 1145 in
1217 1096 1284 1145 conns

159 1197 237 1230 eorum
249 1181 355 1233 additus.
379 1185 455 1234 Voss.
468 1200 599 1233 cavearum.
622 1184 718 1245 Scribe,
732 1183 756 1232 in
767 1200 829 1233 caea
840 1200 927 1233 eornm.
946 1187 1014 1247 quod
1031 1185 1082 1232 ium
1099 1197 1132 1231 ex
1143 1182 1200 1232 aliis
1212 1182 1283 1231 libris

159 1274 288 1317 notarunt.
301 1273 379 1331 capt
389 1266 524 1330 [74,142];
537 1267 627 1317 additis
635 1269 660 1316 in
672 1267 770 1333 sinqulis
781 1269 894 1317 sextariis
903 1284 994 1335 aquae.¹
1001 1270 1043 1318 Ex
1051 1268 1129 1317 veteri
1141 1266 1282 1330 proferunt,

159 1350 185 1398 in
205 1350 312 1415 sinqulas
331 1352 439 1415 sinqulis.
468 1354 568 1405 Scribe:
596 1352 687 1401 additis
707 1353 732 1402 in
752 1352 860 1417 sinqulas
879 1352 994 1401 sectariis
1013 1367 1100 1414 aquae.
1127 1351 1171 1401 lib.
1190 1356 1230 1411 27,
1251 1353 1281 1399 12

160 1433 268 1499 [potiust
281 1439 321 1498 27,
334 1441 372 1497 11,
384 1441 423 1498 76,
437 1435 508 1499 101]:
518 1436 560 1486 Ex
572 1437 618 1486 bac
630 1437 655 1486 in
668 1446 714 1487 tres
726 1437 816 1486 modios
826 1437 928 1486 salivati
937 1436 1043 1499 additur,
1053 1444 1165 1501 quantum
1178 1435 1202 1484 in
1211 1450 1283 1483 unam

158 1520 271 1583 saqittam
290 1518 351 1568 addi
367 1519 433 1571 solet.
452 1523 565 1572 eiusdem
581 1522 639 1572 libri
656 1520 914 1585 000.12[95,121];
937 1519 1044 1571 Additur
1059 1520 1084 1570 in
1100 1519 1217 1569 anddota.
1240 1519 1283 1570 Sic

158 1606 293 1669 utrobique
304 1606 455 1656 Vossianus.

193 1687 256 1751 [Ib.]
279 1688 396 1747 Quisnam
408 1690 479 1739 etiam
491 1689 586 1740 validus
597 1690 720 1755 expaverit
726 1689 748 1753 t]
767 1692 844 1741 Voss.
857 1690 946 1740 nonsit
958 1689 1062 1740 validus.
1079 1692 1161 1754 Lege:
1173 1689 1226 1754 quis
1237 1706 1283 1739 nan

159 1779 181 1820 et
193 1771 288 1821 validus
300 1773 439 1839 expaverit?

193 1856 257 1907 CAP.
270 1858 319 1907 111.
339 1857 392 1920 [36,
408 1857 451 1920 ts]
475 1857 534 1908 Item
553 1857 660 1909 dentibus
675 1868 718 1908 aut
733 1859 824 1909 attritis
840 1857 1020 1920 auteonuulsis]
1045 1857 1147 1908 chinni.
1159 1855 1213 1904 item
1226 1855 1283 1905 den-

159 1941 219 1990 tibus
235 1952 329 1991 ca'rnem
350 1941 458 1992 audendo
478 1944 576 1994 attritis.
604 1947 678 1995 Voss.
699 1945 832 2009 Andeguv.
854 1943 960 1993 dentibus
977 1941 1096 1991 andodam
1114 1941 1204 1990 attritis
1220 1957 1245 1990 a.
1262 1957 1282 1988 e.

159 2026 293 2090 Princeps:
311 2027 365 2075 item
382 2026 445 2078 dent.
461 2045 555 2077 earnem
572 2028 684 2078 audenda
699 2029 803 2078 adtrin's.
830 2029 927 2080 Scribe:
950 2028 1004 2076 item
1016 2025 1122 2083 dendbm
1133 2040 1205 2073 earne
1216 2040 1284 2073 man·

159 2109 237 2159 denda
249 2110 346 2160 attritis.

193 2195 258 2246 cis.
270 2196 318 2245 IV.
333 2192 386 2256 [38,
401 2193 444 2256 77]
466 2195 502 2244 Et
517 2212 543 2244 os
559 2212 650 2259 quoque
667 2195 776 2245 colluitur
792 2195 833 2245 illo
849 2194 884 2243 ad
898 2194 1059 2258 infirmitatem
1072 2192 1187 2256 dentium]
1206 2194 1283 2243 Voss.

158 2277 221 2328 etde
233 2295 259 2328 eo
271 2297 297 2329 os
309 2278 519 2343 quoqneeolluitur
534 2279 569 2328 od
575 2281 718 2345 firmitatem
730 2281 841 2330 dentium.
863 2282 965 2330 Eodem
982 2281 1089 2342 digitum
1105 2279 1212 2328 intendit
1228 2278 1283 2327 An·

160 2365 249 2429 (leger.
262 2372 285 2413 et
296 2363 351 2413 deos
362 2381 452 2428 quoquc
464 2364 573 2416 colluitur
584 2364 628 2414 illa
640 2365 675 2414 ad
677 2367 820 2430 firmitatem
832 2363 943 2414 dentium.

194 2448 248 2513 [tn
258 2447 302 2512 94]
320 2449 459 2500 Proximum
472 2466 567 2499 rosaceo
580 2451 686 2513 effectum
699 2448 797 2512 babens]
813 2451 977 2499 Vocabulum
989 2456 1146 2512 postremum
1158 2449 1190 2497 ab
1200 2447 1283 2497 Acnd.

160 2534 226 2586 Gne.
238 2535 369 2598 tribusque
380 2536 513 2585 Vossiunis
526 2531 639 2592 νοθείας
649 2536 769 2599 arguitur.
796 2536 888 2585 Forte:
912 2530 1185 2595 Therminumelupinis
1196 2529 1285 2580 emollit

156 2619 265 2683 proxime
282 2619 374 2668 rosacei
390 2620 504 2682 qJ'eetum.
533 2620 607 2680 Quod
625 2634 706 2682 genus
722 2621 844 2683 loquendi
862 2626 888 2669 et
903 2619 975 2668 Livio
993 2614 1029 2679 [1,
1044 2624 1084 2667 21.
1103 2622 1127 2678 2,
1144 2613 1189 2677 48]
1212 2616 1283 2665 resti·

159 2703 262 2753 tuimus.

157 2812 171 2829 ·
195 2785 248 2848 [51,
261 2785 305 2848 97]
328 2786 420 2836 Tussim
433 2795 584 2850 exasperant,
597 2805 681 2852 corpus
693 2786 791 2853 arpent]
809 2789 886 2839 Voss.
898 2804 982 2850 corpus
994 2785 1068 2834 aiunt.
1086 2787 1137 2834 hoc
1149 2792 1194 2844 cst,
1207 2782 1283 2831 alunt.

160 2884 215 2934 cap.
227 2877 248 2922 1.
267 2867 354 2918 Aluum
366 2871 434 2933 sistit,
446 2888 530 2935 capus
542 2871 593 2921 alit.
611 2875 685 2934 Mox,
696 2870 740 2921 sed
750 2887 851 2936 corpora
863 2871 940 2936 maqis
949 2871 1001 2920 alit.
1013 2872 1057 2920 lib.
1068 2876 1109 2931 28,
1120 2875 1134 2919 9
1146 2864 1283 2930 [³4,1cl]:

160 2954 185 3003 in
198 2962 268 3002 totum
279 2954 346 3003 salsa
358 2955 465 3004 minuunt
475 2972 567 3020 coquus,
583 2956 651 3006 alunt
662 2956 751 3006 mollia.
770 2957 892 3008 Similiter
903 2957 1044 3006 Pincianus.

194 3042 258 3092 CAP.
271 3042 317 3092 VI.
336 3040 388 3105 [56,
404 3041 464 3104 105]
487 3042 544 3093 Oris
560 3044 700 3093 suavitatem
718 3042 811 3092 decocto
827 3058 905 3091 corum
918 3039 1013 3102 colluto]
1037 3042 1118 3091 Acad.
1131 3043 1200 3090 Men.
1215 3040 1282 3090 Gud.

159 3125 255 3176 decocta
271 3142 348 3175 eorum
366 3125 460 3176 colluto.
484 3129 561 3178 Voss.
575 3127 668 3178 decocto
679 3144 760 3177 earum
773 3127 864 3177 collum.
889 3128 960 3176 Vera
977 3127 1100 3189 scripturn
1113 3134 1161 3175 est:
1179 3124 1285 3173 Faciunt

159 3211 208 3260 oris
222 3211 362 3260 creauitatem
378 3209 471 3261 decocto
483 3228 560 3261 eorum
578 3212 660 3262 colluti
674 3221 718 3261 ant
733 3230 800 3261 succo
813 3227 932 3274 expresso:
955 3220 983 3260 ut
999 3213 1026 3259 in
1042 3211 1169 3260 Vossinno
1186 3218 1212 3258 et
1228 3210 1283 3265 An-

159 3300 248 3359 degnv.
266 3295 309 3345 Sic
321 3311 376 3360 cup.
391 3299 404 3347 'l
423 3295 475 3359 [66,
492 3294 564 3358 132]:
586 3297 741 3362 Prunisolia
753 3296 848 3346 decocta
861 3295 968 3356 tonsillis,
985 3295 1103 3361 qinqiuisq
1116 3311 1175 3342 uuae
1183 3302 1284 3357 prosunt

159 3378 184 3426 in
201 3379 254 3429 vino
271 3379 365 3428 decocta
382 3388 404 3428 ct
419 3380 516 3428 subinde
533 3397 573 3429 ore
589 3380 680 3431 colluto.
704 3384 781 3433 Voss.
798 3381 906 3429 decoctae
922 3388 944 3428 et
955 3379 1059 3428 subinde.
1082 3379 1164 3442 Lege:
1183 3378 1207 3426 in
1219 3377 1283 3439 vino,

97 3461 251 3518 79ldecocto
268 3479 295 3511 eo
310 3461 407 3512 subinde
424 3479 463 3511 ore
478 3462 569 3524 colluto.
594 3466 639 3539 lib.
657 3472 744 3527 24,14
764 3462 905 3527 [74,122]:
932 3462 1019 3513 Radit
1035 3461 1070 3511 ad
1087 3462 1170 3512 tertias
1187 3461 1283 3512 decocta

159 3547 237 3597 alvum
249 3547 312 3596 sistit
324 3555 346 3596 ct
356 3548 503 3612 sanquinem,
516 3549 570 3598 item
582 3534 662 3598 denies
674 3549 779 3599 collutos.
798 3551 877 3599 hebet
889 3557 914 3598 et
924 3549 1066 3599 Pintiunus.
1308 3554 1317 3565 ²

193 3632 257 3684 CAP.
270 3633 332 3683 VII.
347 3631 399 3694 [63,
415 3631 475 3695 122]
500 3632 699 3698 Recolliqentebus
711 3651 736 3683 se
747 3651 764 3683 a
776 3631 858 3699 lonqa]
878 3634 1003 3695 Quutu0r‚
1017 3632 1181 3696 recolliqentes.
1199 3632 1282 3682 Acad.

157 3715 301 3781 recolliqens.
327 3717 409 3780 Lego:
428 3716 575 3782 recolliqenti
588 3734 620 3769 se.
644 3720 688 3770 lib.
702 3724 771 3781 24,6
789 3717 842 3782 [19,
856 3716 912 3779 28];
936 3719 977 3782 qui
994 3714 1283 3782 lonqaaeqritudinenon

158 3801 298 3867 recolliqant
308 3801 380 3851 uires.

192 3885 282 3949 [Ibin]
307 3885 370 3938 Utile
381 3894 404 3935 et
416 3885 509 3935 decocto
521 3888 830 3953 earnmfouerefoeminas]
849 3890 946 3940 Annon
951 3887 1065 3951 semina?

193 3970 256 4020 crs.
269 3972 345 4022 VIII.
360 3970 413 4034 [76,
426 3970 486 4034 146]
504 3970 564 4020 Item
577 3973 635 4022 tussi
646 3981 668 4021 et
678 3974 803 4038 sanquinis
814 3973 934 4023 reiectioni
941 3970 1051 4036 prodest]
1071 3971 1133 4020 Mss.
1147 3969 1200 4017 item
1214 3966 1284 4016 tussis
1375 3981 1377 3985 ’

158 4055 281 4117 sonquinis
292 4055 389 4119 relictio,
400 4058 454 4107 sine
464 4054 504 4121 τῷ
509 4055 612 4121 prodest
627 4059 714 4120 Recte,
725 4059 779 4107 item
791 4059 867 4120 tussis,
878 4057 1002 4122 sanqnim's
1011 4055 1113 4105 reiectio.
1128 4053 1283 4116 Intelligitur

159 4138 227 4186 enim
239 4153 271 4188 ex
283 4142 463 4204 superioribus,
474 4140 561 4189 sanari
571 4140 664 4190 dicitur.
681 4145 798 4194 Eandem
809 4144 958 4205 scripturam
971 4141 1059 4190 fovent
1072 4154 1162 4188 omnes
1171 4139 1221 4188 alii.
1238 4136 1284 4189 Sic

158 4220 263 4273 interius
274 4221 299 4285 [7
304 4228 326 4287 7,
338 4224 409 4287 148];
426 4225 494 4284 Quae
503 4232 637 4289 perveteres
648 4234 701 4275 sunt
713 4241 789 4288 nuces,
800 4225 945 4290 qonqrasnis
956 4231 979 4301 et
990 4222 1138 4274 carbunculis
1147 4222 1283 4272 medentur:
