2918 4794
697 280 839 322 GRONOVI

582 454 648 519 Ao
671 455 787 522 niun.
811 457 949 524 xxxi
1037 536 1040 542 ,

239 592 303 642 CAP.
315 595 349 642 11.
364 591 400 654 [2,
414 590 441 653 4]
465 591 534 641 Alibi
551 593 644 657 tepidae
661 579 811 658 eyelidaeoue
823 595 917 645 auxilia
928 599 1061 646 morborum
1073 599 1228 662 conferentes]
1251 602 1327 653 Voss.

205 684 233 725 ut
244 677 366 725 Pintieni:
384 675 448 724 aliae
466 675 559 740 tepidae
575 676 726 742 epelidaeque
741 678 834 728 auxilia
851 682 980 729 morborum
995 681 1142 744 profitentes.
1162 683 1238 744 Quod
1249 686 1328 735 hebet

204 776 275 808 suam
289 761 424 809 Venerem.

239 841 317 906 [1,5]
340 843 407 901 Quae
424 844 448 892 in
465 844 563 893 Baiano
575 844 723 895 Posidianae
739 846 864 911 vocantur]
888 850 963 898 Voss.
982 848 1083 910 quaein
1102 848 1154 898 bale
1169 850 1327 902 Possidiauae

203 937 323 979 vocamur.
343 929 423 991 Lege:
441 946 502 991 quae
519 946 579 977 nuno
592 930 674 979 Baiae
686 929 833 979 Posidianae
850 941 969 994 uocantur,
987 933 1078 981 nomine
1090 942 1185 998 accepto
1197 952 1214 983 a
1229 934 1328 986 Claudii

190 1009 317 1061 *Caesaris
335 1012 425 1063 liberto.
448 1014 545 1063 Possim
558 1015 584 1062 in
597 1016 694 1078 optimo
707 1014 773 1066 libro
785 1030 814 1064 ne
825 1017 951 1079 signifieat
962 1032 1034 1066 nune:
1052 1032 1085 1066 ex
1098 1032 1128 1068 eo
1141 1015 1171 1066 τὸ
1185 1019 1209 1066 in
1220 1019 1324 1070 foetum.

203 1097 307 1147 Solebat
324 1107 408 1146 autem
427 1099 542 1160 quisque,
560 1099 604 1160 qui
616 1101 747 1163 praedium
763 1100 817 1149 illio
834 1101 947 1162 heberet,
965 1101 1046 1150 Baias
1062 1118 1118 1150 suas
1134 1104 1224 1153 dicere.
1250 1105 1325 1156 Unde

203 1191 229 1230 et
241 1181 372 1231 Ciceronis
384 1182 426 1230 lib.
439 1187 461 1230 9.
474 1181 553 1231 famil.
566 1189 604 1233 12.
627 1182 742 1234 Gratulor
753 1184 828 1233 Baiis
839 1185 933 1245 nostris,
945 1183 1067 1248 siquidem,
1080 1194 1106 1233 ut
1116 1186 1207 1246 scribis,
1219 1186 1325 1236 salubres

201 1276 294 1332 repente
303 1267 390 1331 sactae
406 1273 466 1315 sunt.
485 1266 539 1315 Neo
556 1267 629 1317 aliter
641 1267 740 1317 Plinius
755 1269 798 1318 lib.
817 1275 840 1317 2.
858 1269 930 1331 epist.
947 1276 978 1319 15
993 1268 1040 1331 [1].
1063 1267 1182 1326 Quomodo
1200 1278 1221 1318 te
1238 1279 1325 1320 veteres

202 1353 285 1404 Marsi
296 1353 346 1401 tui?
368 1349 480 1413 quomedo
496 1351 580 1414 emptio
598 1357 676 1400 nouo?
702 1352 753 1402 Sed
771 1362 795 1401 et
812 1354 849 1402 sio
866 1353 925 1403 Sex.
955 1355 1092 1417 Pompeius
1110 1357 1179 1418 opud
1194 1357 1324 1406 Velleium

200 1434 397 1502 1ib.2.[7t‚1]:
420 1433 450 1482 In
465 1432 560 1482 Carina
574 1437 623 1483 suit
639 1452 664 1483 se
680 1451 774 1484 coenam
791 1435 861 1485 dare:
880 1441 948 1499 qnod
966 1438 1019 1487 eius
1035 1445 1156 1502 paternae
1172 1441 1248 1490 aedes
1265 1455 1323 1504 pers

201 1527 286 1572 essent
298 1521 447 1570 Carinarum
459 1519 486 1567 in
498 1520 568 1579 urbe,
581 1526 606 1567 et
617 1519 642 1566 in
655 1521 781 1582 praetoria
793 1521 850 1569 navi
863 1531 986 1584 pasceret.

236 1604 272 1666 [³,
286 1601 312 1664 t]
341 1602 373 1651 Ut
389 1601 499 1664 protinus
520 1609 631 1650 noscatur
651 1603 721 1650 etiam
742 1603 895 1651 ministerium
914 1603 963 1652 eius
980 1620 1009 1652 eu
1025 1603 1069 1652 illa
1085 1602 1218 1666 maiestate]
1246 1606 1322 1654 Voss.

200 1687 380 1738 ministeriorum
397 1685 489 1733 baustis
505 1702 534 1732 eu
551 1684 594 1735 illa
612 1687 735 1734 maiestate
752 1686 868 1751 inpenam.
886 1704 973 1751 ponam
992 1689 1059 1738 enim.
1078 1698 1106 1739 nt
1116 1689 1170 1738 fere
1183 1699 1208 1738 et
1220 1689 1322 1740 Chiflet.

187 1757 241 1822 xEx
253 1789 303 1835 quo
315 1771 375 1834 quid
389 1771 517 1830 tentarint,
527 1779 631 1834 apponet
643 1772 668 1818 in
681 1773 847 1834 marginibus.
866 1773 1012 1821 Pintienus:
1025 1773 1081 1835 quin
1091 1771 1201 1834 protinus
1212 1781 1323 1821 noscatur

200 1857 271 1905 etiam
285 1854 465 1904 ministeriorum
477 1853 527 1901 eius
539 1853 638 1902 haustus
649 1871 679 1902 ee
691 1854 734 1902 illo
745 1855 876 1904 maiestate.
895 1857 960 1905 Mihi
972 1857 1133 1905 scribendum
1144 1856 1284 1904 videbatur:
1297 1865 1323 1903 ut

195 1942 305 2005 protinus
323 1947 432 1987 noscatur
448 1938 517 1985 etiam
534 1937 600 2002 (ipse
618 1940 714 1988 scilieet
726 1938 830 2001 Cicero)
847 1940 1029 1987 atinateriorum
1047 1938 1138 1987 baustis
1150 1954 1179 1986 ea
1190 1937 1233 1986 illa
1247 1939 1320 1986 maie·

198 2034 258 2074 state
274 2025 379 2089 inqeniis.
403 2023 466 2072 Tnle
484 2031 522 2072 est
538 2023 629 2072 Iustini
649 2028 687 2083 15,
706 2021 842 2086 6[potius:
862 2030 901 2085 14,
922 2021 1004 2084 6,11]
1022 2031 1049 2070 ut
1063 2020 1232 2072 Alexandrum.
1240 2038 1322 2086 posses

199 2110 269 2157 etiam
287 2110 310 2156 in
328 2107 437 2155 moriente
454 2114 530 2154 matre
546 2122 679 2170 apnoseere.
698 2106 886 2156 Ministeriorum
904 2115 929 2156 eb
940 2109 1022 2157 Acud.
1035 2107 1216 2170 Gudianusque
1234 2116 1259 2157 et
1271 2107 1321 2156 duo

199 2193 325 2243 Vossieni.

234 2276 286 2339 [18,
304 2274 348 2338 23]
376 2274 474 2324 Periuri
493 2282 604 2323 notantur
621 2276 677 2339 pati
696 2274 759 2325 uelut
771 2275 899 2338 flammam
921 2274 1034 2337 urentem]
1065 2277 1196 2326 Hermolai
1217 2285 1255 2326 est
1273 2293 1319 2341 pro

198 2370 317 2410 necantur.
345 2360 393 2410 Sed
412 2360 487 2408 Voss.
505 2367 627 2423 nequatur.
651 2351 740 2417 idest,
760 2362 895 2409 truduntur
913 2374 966 2407 non
984 2361 1036 2423 pati
1053 2375 1083 2408 ee
1100 2361 1222 2410 sustinere
1237 2363 1320 2424 posse.

197 2447 240 2496 lib.
254 2451 322 2507 20‚5
342 2443 395 2506 [15‚
414 2442 473 2505 31]:
499 2444 621 2493 Habentes
641 2460 692 2493 eam
705 2443 784 2506 feriri
803 2460 820 2491 a
839 2443 985 2506 serpentibus
1006 2451 1132 2506 sequntur.
1160 2452 1185 2493 et
1206 2443 1321 2492 similiter
1366 2476 1371 2480 -

196 2532 242 2579 lib.
255 2537 296 2590 22,
309 2536 338 2579 21
360 2527 413 2590 [25,
427 2525 482 2589 52]:
505 2528 627 2577 Habentes
641 2545 694 2576 eam
711 2545 727 2576 a
743 2528 887 2591 serpentibus
895 2527 973 2591 feriri
988 2535 1110 2591 nequatur.
1137 2527 1181 2577 Sio
1197 2535 1222 2576 et
1238 2529 1320 2576 oodex

197 2616 315 2666 Pintiani.

232 2698 285 2761 [19,
298 2695 342 2759 26]
365 2697 445 2745 Tertio
457 2694 494 2744 die
506 2696 530 2743 si
540 2696 663 2759 quisquam
676 2694 768 2757 biberit]
792 2698 866 2746 Voss.
887 2704 913 2744 et
924 2697 1048 2745 Pintiuni:
1067 2696 1148 2758 Lycus
1160 2694 1184 2742 in
1196 2684 1329 2743 Leontinis

198 2782 266 2831 tertio
277 2780 322 2842 dre,
336 2797 407 2842 quom
419 2780 473 2842 quis
486 2780 577 2829 biberit.

232 2864 285 2927 [19,
302 2863 346 2926 nt]
364 2864 480 2926 Avesque,
498 2880 559 2927 quae
574 2863 733 2929 nudaverint,
753 2864 821 2913 iusta
838 2871 943 2933 ntortuas
959 2861 1048 2924 iacere]
1077 2863 1152 2914 Voss.
1169 2879 1236 2924 aues,
1257 2879 1319 2924 quae

197 2950 379 3014 depastauerint.

231 3034 284 3098 [20‚
297 3035 342 3098 29]
366 3035 430 3084 Fons
447 3042 488 3096 est,
506 3033 549 3096 qui
563 3049 700 3097 quacunque
716 3033 782 3097 riqut
798 3030 916 3096 lapideam
922 3030 991 3095 facit
1003 3029 1101 3092 terram]
1125 3031 1238 3081 Pintieni
1254 3032 1318 3080 liber

196 3123 249 3172 siue
262 3119 301 3186 τῷ
312 3119 360 3183 qui,
373 3129 398 3168 et
402 3118 500 3181 faciens
511 3135 557 3182 pro
561 3119 637 3181 facit.
660 3120 735 3168 Voss.
746 3119 807 3181 sons
824 3126 859 3164 est
874 3131 1011 3179 quacunque
1028 3115 1093 3179 ripat
1110 3102 1211 3178 lapidem
1219 3115 1318 3178 faeiem

197 3216 238 3256 ter.
251 3207 312 3257 item.
332 3205 429 3256 Scribe:
442 3201 472 3250 Ia
484 3202 626 3266 Perperenis
629 3204 690 3267 fons
702 3211 743 3263 est,
756 3217 905 3265 quaeeunque
917 3200 989 3263 ripae
1003 3198 1209 3264 lapideasacieus.
1228 3200 1318 3263 Sequi·

196 3302 247 3342 tur:
265 3290 325 3339 Item
336 3287 432 3338 calidae
448 3304 525 3349 aquae
542 3287 567 3335 ia
579 3287 691 3335 Euboeae
702 3285 782 3337 Delio.
805 3285 916 3348 Namque
932 3283 1002 3333 alluit
1018 3284 1094 3333 riousae
1115 3284 1146 3332 In
1162 3300 1212 3347 quo
1229 3286 1318 3335 merito

195 3377 295 3428 notovit
307 3373 446 3425 Salmasius
458 3373 561 3422 Delium
573 3373 638 3420 illud
650 3374 771 3422 Euboeae
782 3373 901 3433 ignorari,
915 3370 1081 3432 mutentque,
1100 3368 1124 3415 in
1135 3365 1247 3416 Euboeae
1258 3369 1317 3431 Dio,

195 3464 227 3510 ad
237 3461 318 3511 Solin.
330 3474 355 3522 p.
367 3464 423 3506 144.
442 3457 509 3507 Gud.
522 3470 624 3519 quoque
637 3465 663 3505 et
674 3457 755 3506 Aeed.
768 3456 953 3519 Menapiusque
964 3453 989 3502 ia
1001 3451 1125 3502 euboedion
1137 3468 1244 3516 namque.
1262 3454 1318 3502 An-

196 3547 286 3606 deget.
304 3543 328 3590 in
345 3539 505 3590 euboedebion.
530 3556 637 3602 namque.
665 3541 849 3590 Praestantior:
872 3539 896 3587 in
918 3539 1017 3587 euboeae
1037 3537 1121 3586 aedom
1137 3553 1183 3600 pro
1198 3554 1253 3586 nant
1270 3555 1319 3600 qua

195 3628 261 3679 cadit
276 3629 348 3688 mous,
365 3635 427 3688 tum,
445 3625 587 3675 altitudinis.
615 3626 782 3676 scribendum
802 3640 903 3674 censeo:
926 3624 987 3672 Fere
1008 3620 1068 3671 idem
1090 3620 1183 3670 calidae
1198 3637 1276 3685 aquae
1293 3622 1318 3669 in

195 3715 307 3763 Euboeae
319 3712 418 3762 Dianae
431 3711 604 3776 promontorio.-
626 3727 680 3775 npm
698 3725 748 3773 qua
763 3708 829 3757 eadit
845 3708 916 3768 riuus,
934 3724 997 3756 saxa
1013 3708 1037 3755 in
1055 3704 1192 3755 altitudines
1203 3714 1317 3756 creseunt.

195 3800 360 3850 Artemisium
384 3798 518 3860 significat.
545 3797 687 3859 Vulgetum
709 3804 747 3845 est
763 3810 779 3843 a
795 3793 912 3854 Gelenio,
935 3807 992 3842 enm
1013 3776 1152 3855 legeretur,
1170 3789 1195 3836 in
1210 3786 1317 3837 Euboea.

195 3882 342 3932 InLebedo.

230 3966 320 4029 [Ibin]
344 3965 454 4029 Lapides
468 3965 542 4026 fiunt.
566 3963 595 4012 In
615 3963 715 4013 Colossis
728 3962 822 4025 flumen
839 3970 886 4021 est,
904 3960 928 4009 in
945 3977 990 4023 quo
1008 3956 1104 4020 lateres]
1128 3959 1190 4008 Mss.
1208 3954 1318 4020 lapideae

187 4052 262 4112 flunt.
289 4052 396 4111 Deinde,
411 4049 504 4112 flumen
526 4056 561 4096 est
580 4047 701 4097 eolateres.
727 4048 810 4110 Lege:
833 4045 863 4094 In
883 4044 985 4094 Colossis
994 4043 1087 4106 flumen
1104 4050 1145 4104 est,
1166 4058 1212 4105 quo
1233 4039 1318 4089 lateres

195 4134 293 4183 coniecti
312 4133 404 4199 lapides
422 4132 584 4182 eutraltuntur.
612 4133 660 4180 Est
677 4140 762 4181 sutem
779 4132 829 4178 boo
845 4131 921 4192 quale
939 4129 1022 4180 Ovidii
1042 4128 1086 4176 lib.
1105 4134 1127 4177 l.
1145 4126 1316 4188 metamorph.

195 4236 218 4268 v.
233 4225 293 4268 1³3:
