2918 4794
168 244 208 306 tt
658 263 800 305 euonovr

166 416 288 464 sustinere
300 429 330 464 ac
341 415 505 478 praetendere
518 422 626 463 scutum.
652 415 734 462 llrunt
750 413 866 473 fortasse,
884 413 975 474 quibus
992 413 1083 463 mirum
1101 424 1126 465 11
1142 416 1289 466 incredibile

166 499 298 560 videbitur,
310 498 464 547 vocabulum
476 505 529 547 tam
541 505 630 546 notum
643 508 668 546 ct
681 497 782 545 obvium
795 498 830 546 sic
843 498 969 560 corrumpi
987 500 1108 560 potuisse.
1133 501 1232 549 Verum
1245 502 1289 564 qui

166 591 263 634 veteres
276 584 376 632 codices
388 589 535 643 tractarunt,
552 583 635 632 sciunt
651 582 717 630 nihil
735 596 789 631 esse
807 590 859 630 tam
872 590 1049 643 monstrosum,
1067 583 1139 632 utin
1155 584 1220 633 illud
1237 600 1290 635 non

166 669 300 733 paullatim
313 670 407 718 abeant
418 668 495 717 verba
506 668 582 717 stiam
593 667 777 729 vulgatissima,
798 675 936 731 postquam
948 669 1026 717 semel
1038 669 1105 717 male
1118 670 1170 732 legi
1181 677 1208 720 et
1218 671 1289 720 reddi

166 761 311 817 coeperunt.

201 835 238 900 [6,
253 835 295 898 17]
318 836 421 886 Tantam
431 836 536 900 qratiam
551 833 629 899 plebis
644 833 744 898 adeptus
757 833 802 896 est]
821 836 964 887 Vossianus
978 835 1050 900 plebi.
1072 839 1108 887 Ut
1124 845 1149 886 et
1161 838 1204 888 lib.
1218 845 1288 898 213

167 919 203 983 [4,
217 920 245 983 8]
258 919 389 984 appellavit
402 920 505 968 tribunos
514 919 586 983 plebi.
609 919 697 970 Sedet
713 921 779 970 idem
798 926 887 968 tanturn
903 920 994 984 qratia.
1017 921 1061 970 An
1074 927 1164 968 tantum
1174 922 1289 986 qratrae?

166 1005 217 1056 Sed
229 1021 319 1070 parum
336 1006 447 1055 interest

201 1088 237 1153 [6,
251 1088 295 1151 23]
305 1089 442 1152 Aurumque
454 1087 556 1137 millibus
569 1087 706 1152 lapillorum
720 1086 789 1137 uilius
792 1087 869 1152 fecit]
887 1089 930 1139 Sic
939 1097 964 1138 et
973 1091 1043 1149 Mss,
1052 1090 1100 1138 nisi
1109 1090 1177 1152 quod
1186 1089 1288 1140 milibus.

166 1171 352 1222 Coniiciebam:
365 1189 494 1236 aurumque
506 1172 572 1220 micis
584 1171 720 1237 lapillorum
732 1171 878 1236 viliussecit.
901 1173 945 1222 Sic
956 1187 1002 1237 per
1014 1181 1187 1237 contemptum
1200 1175 1288 1239 appel-

165 1257 203 1305 lat
213 1257 286 1305 illam
297 1271 456 1320 gemmarum
467 1257 675 1320 pretiosissimam
688 1258 846 1320 parvitatem.
868 1256 939 1313 Infra
951 1271 1006 1320 cap.
1019 1263 1035 1305 4
1048 1254 1101 1318 [11,
1115 1254 1172 1317 6811
1189 1272 1235 1306 non
1248 1255 1290 1305 illo

165 1338 241 1399 morlo,
252 1357 297 1402 quo
308 1339 334 1388 in
347 1339 440 1390 Oriente
452 1339 574 1404 Sapphiro
586 1347 657 1402 utque
672 1339 792 1389 Thebaico
803 1339 904 1402 aliisque
916 1339 940 1387 in
950 1339 1048 1402 qemrnes
1059 1337 1180 1400 scintillat,
1191 1338 1235 1388 secl
1244 1340 1288 1388 mi-

165 1439 207 1471 cas
216 1421 349 1486 amplexum
361 1423 493 1473 marmoris.
507 1425 583 1485 Quod
592 1424 685 1473 vellem
693 1425 817 1474 intactum
829 1423 972 1486 reliquisset
985 1423 1132 1485 Salmasius,
1145 1438 1193 1473 ucc
1206 1424 1289 1474 subie-

166 1508 243 1556 cisset
254 1508 374 1569 ignavum
386 1509 459 1568 illud,
472 1508 562 1556 micans
573 1505 683 1570 amplexu
694 1507 826 1567 marmores,
839 1509 870 1556 ad
883 1507 963 1558 Soliu.
975 1523 1000 1571 p.
1013 1512 1085 1557 tots.
1148 1539 1156 1551 »

196 1590 266 1663 ¹Clu.
279 1591 313 1639 II.
328 1588 364 1651 [8,
377 1588 422 1652 34]
441 1589 472 1638 In
489 1589 611 1639 consulatu
626 1608 668 1640 suo
680 1591 703 1640 ei
712 1599 819 1639 senatum
831 1589 971 1652 concilians]
991 1589 1105 1640 Senatum
1122 1591 1197 1640 illum
1214 1592 1288 1653 iguo·

104 1690 153 1734 814
167 1684 224 1723 1111
235 1676 316 1724 nostri
329 1683 444 1736 quatuor,
458 1676 508 1724 hoc
520 1684 565 1736 est,
579 1690 681 1724 omues:
698 1684 723 1724 et
740 1684 790 1726 tres
807 1677 908 1738 quidem
922 1675 955 1723 eis
967 1672 1108 1737 concilians3
1127 1676 1247 1737 optimus,
1265 1675 1289 1723 in

167 1756 290 1808 consulatu
301 1775 343 1807 suo
355 1758 489 1807 contilianis
500 1760 567 1807 rebus
579 1775 645 1807 1111
658 1759 746 1808 ordine.
774 1761 904 1809 Fortasse:
923 1758 961 1808 M.
979 1757 1058 1808 Cicero
1071 1756 1161 1806 demum
1173 1757 1290 1806 stabilivit

168 1852 272 1906 equestre
284 1860 365 1892 nornen
377 1844 401 1892 in
414 1841 536 1892 consulatu
546 1860 595 1903 suo,
611 1841 762 1892 Catilinariis
770 1843 847 1902 rebus,
859 1859 889 1890 en
898 1858 924 1890 eo
935 1841 1017 1891 ordine
1026 1841 1157 1905 prqsectum
1169 1840 1288 1891 11111111-

167 1930 245 1978 brans.
264 1929 397 1979 Pintianus
409 1943 511 1990 quoqne
523 1929 619 1977 invenit
630 1928 656 1976 in
669 1942 715 1976 suo
728 1926 863 1974 contilianis
874 1928 954 1987 rebus,
967 1926 1122 1975 incitantem
1134 1923 1288 1975 Catilinianis.

166 2013 202 2063 Ut
213 2012 279 2061 idem
292 2011 353 2061 lecit
363 2012 408 2061 lib.
421 2017 445 2072 2,
460 2018 482 2060 5.
497 2010 547 2072 [est
563 2012 652 2061 vitium
669 2012 696 2059 in
712 2024 817 2060 numero
835 2010 932 2074 cepitis.
960 2009 1058 2059 Scribe:
1076 2015 1100 2068 2,
1119 2006 1288 2070 51,5s,1st]

165 2095 196 2144 In
211 2092 352 2144 Catilinanis
361 2093 488 2159 prodipiis.
506 2095 596 2157 Neque
607 2095 689 2144 ausim
701 2109 825 2158 spernere.

202 2179 238 2242 [9,
251 2177 296 2240 35]
319 2178 382 2236 Quin
400 2178 470 2226 etz'crm
487 2178 563 2242 ipsum
580 2178 684 2241 equitnm
700 2194 782 2226 nomen
797 2193 868 2241 saepe
884 2176 1003 2225 ramatum
1021 2174 1066 2237 est]
1089 2176 1119 2224 11
1138 2175 1205 2226 dud.
1217 2179 1288 2226 Meu.

166 2265 249 2314 Acad.
263 2265 334 2313 deest
344 2259 374 2311 τὸ
389 2261 499 2325 equitum.
523 2263 599 2312 Voss.
613 2263 655 2325 qui
672 2269 719 2310 turn
732 2260 824 2324 quidem
837 2260 907 2309 etiam
919 2275 1001 2308 nornen
1014 2260 1097 2322 ipsum.
1119 2260 1198 2322 Lege,
1210 2258 1288 2323 Equi·

168 2356 214 2396 turn
227 2343 319 2409 quidem
331 2345 403 2394 etiam
415 2361 497 2394 nornen
509 2345 584 2409 ipsum
596 2361 667 2408 saepe
679 2345 799 2393 variatum
812 2352 853 2392 est.
866 2352 894 2392 ut
905 2345 969 2392 vidit
981 2351 1007 2393 et
1017 2343 1159 2413 Pintianus.

203 2428 239 2493 [9,
252 2428 298 2492 36]
316 2429 408 2480 Multos
419 2429 494 2493 pudet
505 2446 531 2478 eo
543 2429 634 2477 nomine
645 2427 778 2492 appellari]
797 2429 925 2479 Notarunt
940 2431 974 2478 ad
990 2429 1132 2489 marginem
1149 2427 1177 2477 iu
1194 2427 1288 2486 (1111111,

166 2518 236 2567 tiano
249 2531 303 2565 esse
312 2513 387 2578 pudet
398 2512 510 2562 trossulos
521 2513 613 2562 vocari:
626 2518 669 2563 sed
681 2515 708 2563 id
718 2529 793 2578 quam
803 2514 855 2560 vim
863 2514 964 2572 habeat,
978 2513 1035 2575 quis
1044 2512 1189 2575 intelligat?
1202 2512 1287 2562 Scien-

167 2605 228 2651 dum
239 2600 317 2662 igitur
333 2599 397 2648 haee
413 2597 450 2646 ita
467 2598 599 2661 concipere
613 2598 780 2646 Vossianum:
799 2595 851 2644 ideo
867 2596 924 2658 quia
940 2611 986 2643 non
1003 2594 1143 2658 intellipunt,
1165 2594 1289 2644 1111111111
1372 2645 1374 2649 ,

167 2700 249 2734 nornen
261 2682 320 2746 quid
330 2681 423 2742 valeat,·
435 2680 564 2742 multosque
574 2679 649 2743 pudet
661 2678 772 2728 trossulos
784 2678 872 2730 vocari.
891 2678 955 2730 Sunt
965 2678 1044 2728 adhuc
1055 2677 1152 2741 aliquae
1164 2695 1209 2728 non
1222 2680 1289 2729 omit·

168 2768 260 2828 tendas,
272 2775 319 2816 111.
332 2775 357 2815 11
369 2766 456 2815 omnia
466 2765 518 2826 1111,
532 2780 558 2812 eo
570 2764 660 2812 nornine
672 2763 799 2827 appellari,
812 2771 950 2824 etecusam,
970 2778 1031 2824 qnae
1042 2779 1116 2826 supra
1128 2762 1235 2812 indicata
1246 2773 1288 2826 est,

167 2851 270 2916 exponit,
283 2849 412 2910 invitosque
424 2848 550 2897 stamnum
563 2855 647 2909 tanen,
665 2849 692 2896 in
708 2850 805 2913 optimo
823 2849 909 2896 codice
925 2861 978 2896 nou
995 2862 1129 2910 apparere,
1146 2848 1289 2897 11111111

167 2936 247 2995 tribus
260 2935 323 2994 aliis,
335 2949 443 2998 quornm
455 2934 527 2982 uobis
540 2934 615 2996 11111
627 2941 677 2982 est:
694 2934 738 2996 qui
754 2948 806 2982 una
818 2947 845 2981 re
858 2931 977 2982 differunt
988 2947 1004 2980 1
1015 2931 1140 2994 principe,
1158 2931 1227 2994 quod
1243 2932 1289 2981 ha-

168 3022 229 3070 beut
241 3017 324 3069 multos
333 3016 414 3081 pudet,
436 3019 489 3068 sine
501 3018 637 3082 perticula3
655 3020 723 3080 quod
739 3025 826 3066 tamen
843 3031 887 3065 cur
898 3014 1046 3078 praeferam,
1064 3015 1129 3063 nihil
1141 3022 1180 3064 est
1190 3030 1289 3065 causae.

167 3105 256 3168 Neque
267 3104 295 3152 iu
306 3103 355 3152 hac
367 3103 491 3166 scriptura
503 3102 641 3164 quidquam
654 3108 692 3151 est
703 3102 888 3162 corrigendum,
909 3098 987 3147 modo
1005 3099 1150 3168 memineris
1165 3097 1290 3147 illossulns

167 3191 251 3253 priore
261 3188 320 3237 loco
332 3188 435 3248 antique
447 3186 516 3248 poni,
529 3193 557 3233 ut
567 3185 599 3234 sit
612 3182 744 3232 Trossulus.
763 3184 896 3233 Pintianus
908 3189 980 3230 notat
991 3183 1017 3228 11
1030 3196 1077 3230 111
1090 3182 1178 3230 codice
1190 3184 1289 3232 deesse:

167 3280 309 3331 elnensem,
326 3285 387 3332 quae
402 3285 477 3332 supra
492 3267 601 3317 indicata
617 3274 659 3328 est,
676 3267 778 3330 exponit,
795 3266 923 3327 invitosque
939 3265 1064 3313 etramnum
1083 3272 1160 3312 111111
1176 3262 1290 3314 trossulos

169 3355 258 3405 uocari.

204 3439 257 3502 [ll‚
270 3436 315 3500 38]
333 3437 443 3500 Eamque
459 3454 570 3487 coronam
589 3444 723 3488 testamento
740 3433 883 3499 reipublicae
900 3433 998 3498 leqanit]
1024 3435 1108 3496 Quare
1127 3435 1290 3498 potissimum

167 3523 326 3588 republicae?
344 3523 477 3572 Pintianus
484 3521 573 3585 populo
582 3521 700 3571 Romana.
720 3521 806 3580 Quare
814 3520 865 3568 hoc
876 3519 996 3580 quoque?
1014 3518 1156 3568 Vossianus
1166 3516 1211 3566 ille
1221 3512 1288 3576 ἀμύ-

165 3617 238 3668 μων·
252 3613 387 3654 testamento
399 3605 583 3670 expraeleqavit.
602 3605 700 3656 Scribe:
712 3601 942 3666 PisoFrnpifilium
955 3617 984 3648 es
994 3602 1093 3663 privata
1102 3599 1204 3664 pecunia
1214 3599 1289 3647 dona-

167 3693 201 3741 vit
217 3705 315 3753 eamque
331 3706 441 3739 coronam
459 3697 594 3739 testamento
611 3688 634 3736 ei
647 3686 803 3752 praelepaoit.
820 3688 846 3736 id
864 3693 909 3747 ost,
931 3701 976 3750 per
992 3686 1196 3749 praeceptionem
1212 3684 1289 3743 dedit,

167 3776 330 3840 praecipuam
343 3789 401 3824 eum
414 3774 511 3824 habere
523 3774 611 3833 voluit,
624 3787 671 3822 nec
683 3770 797 3822 conferre
809 3771 836 3820 iu
848 3771 996 3819 erciscunda
1013 3769 1177 3819 haereditate.
1200 3767 1289 3830 Ulpia-

167 3876 216 3912 uus
229 3858 282 3922 [33‚
295 3866 319 3920 8,
334 3856 377 3919 10]
390 3861 423 3909 D.
437 3859 469 3907 de
480 3859 581 3922 peculio
594 3857 692 3919 legato:
710 3854 742 3906 si
754 3853 871 3918 peculium
883 3870 949 3902 seruo
961 3851 999 3901 111
1002 3851 1062 3914 silio
1070 3851 1214 3915 praelepare
1225 3849 1289 3899 uelis.

168 3927 292 3994 Scaevola
315 3944 405 3992 eodem
424 3943 462 3992 tit.
480 3939 534 4003 [33,
552 3946 577 4000 8,
595 3939 654 4002 26]:
680 3938 735 3987 Tite
748 3937 800 4000 fili,
818 3953 831 3985 e
847 3935 923 3986 medio
936 3935 1077 4001 praecipito,
1100 3934 1186 3982 sumito
1204 3932 1291 3996 tibique

168 4025 251 4074 habeto
263 4024 354 4074 domum
365 4023 440 4088 illam,
453 4041 537 4074 aureos
554 4031 651 4073 centum
673 4021 733 4071 Alio
750 4020 834 4069 deinde
852 4021 931 4084 capite
943 4017 1041 4084 peculia
1049 4016 1115 4079 filiis
1129 4015 1289 4082 praelepauit.

168 4111 202 4160 111
212 4109 373 4160 notissimum
386 4111 447 4160 iuris
458 4110 576 4160 studiosis
588 4114 634 4157 est.
659 4106 710 4158 Sed
722 4113 747 4156 et
759 4107 815 4159 aliis
826 4108 940 4171 partibus
952 4105 1053 4158 laborat
1064 4104 1106 4156 hio
1117 4101 1189 4152 locus
1206 4109 1232 4152 et
1252 4108 1292 4150 est
