2918 4794
175 271 217 333 44
667 265 810 334 enonovr

175 440 359 491 adolescentibus
375 443 440 490 nobis
456 443 520 491 visus
535 442 629 506 Apion,
653 443 830 493 Grammaticae
846 441 919 503 artu,
934 440 1074 506 prodiderit.
1100 441 1142 491 Sic
1159 444 1226 491 enim
1242 442 1298 492 vult

176 528 266 591 accipi:
279 525 389 574 Lenaeus
404 525 581 576 Grammaticae
593 526 661 575 ortis.
680 527 788 588 honest,
802 527 996 578 Grammaticus.
1240 590 1245 599 θ

211 609 246 674 [6,
265 609 308 672 17]
326 608 472 659 Insanobilis
483 607 518 658 ad
533 609 600 658 bosce
616 626 691 659 annos
699 611 754 672 fuit
769 610 850 659 rabidi
866 610 932 659 conss
949 608 1050 672 morsus]
1074 611 1217 660 Vossianus
1234 626 1297 674 qno·

175 711 232 758 qne,
248 696 352 758 perinde
368 701 396 744 ut
409 694 516 755 ebibet,
535 692 680 743 lnscnabile.
699 695 755 743 Iam
771 696 849 745 semel
865 696 1006 758 iterumque
1020 695 1072 742 hoc
1083 709 1164 756 genus
1176 696 1297 758 loquendi
1318 716 1324 729 ·

176 779 364 829 observavimus
384 779 411 828 in
431 780 593 829 membranis.
617 780 707 842 Neque
724 779 798 829 aliter
815 780 860 828 lib.
879 784 920 839 23,
940 784 950 826 1
970 776 1011 840 [7,
1031 774 1088 840 12]:
1111 776 1297 829 Salaberrimum

172 871 260 926 putant
271 879 330 912 uvas
341 863 365 912 in
377 878 443 925 aqua
454 861 548 912 coelesti
557 871 671 912 seruatas.
691 864 734 914 Sic
746 870 813 912 certe
826 864 937 927 optimus
950 864 1041 924 codex,
1053 877 1107 911 non
1119 860 1296 911 saluberrimos.

175 947 218 996 lib.
232 953 271 1008 24,
287 953 297 996 l
314 945 421 1011 [potium
440 953 481 1009 24,
502 953 540 1009 15,
558 946 687 1009 st‚133]:
709 947 807 1010 Quoquo
823 946 891 995 rnodo
903 946 1001 996 collecta
1013 946 1164 995 iumentorum
1175 961 1298 1010 pecorum-

175 1047 219 1092 que
231 1029 304 1080 oculs
315 1030 428 1082 salutare.
448 1032 490 1082 Sic
504 1034 585 1094 idem3
597 1048 650 1082 non
662 1030 781 1081 collectam
793 1030 920 1080 salutarem
934 1047 990 1080 esse.

210 1113 246 1177 [6,
265 1112 307 1178 18]
330 1114 418 1165 Contra
433 1117 533 1165 omnium
550 1133 640 1165 morsus
656 1133 704 1165 esse
719 1114 857 1178 remedium]
883 1116 959 1166 Voss.
977 1115 1089 1165 remedia.
1107 1119 1197 1166 Forte:
1214 1124 1298 1165 contra

175 1200 275 1249 omnium
287 1217 377 1249 morsus
389 1217 437 1250 esse
449 1200 559 1261 remedio,
575 1200 658 1262 alium,
676 1218 747 1264 quarn
763 1217 820 1264 quos
835 1200 859 1249 in
869 1200 950 1264 priori
960 1199 1074 1249 uolumine
1086 1197 1186 1249 eiusdem
1199 1200 1299 1249 nominis

175 1282 287 1334 diximus.
306 1285 347 1336 Sic
361 1288 428 1335 enim
442 1287 517 1336 etiam
531 1287 681 1336 Vossianus.

208 1368 272 1420 Car.
290 1370 337 1420 IV.
355 1369 391 1432 [8,
405 1369 449 1432 26]
474 1368 658 1419 Laudatissima
673 1369 798 1418 herbernus
815 1377 849 1417 est
864 1368 981 1431 Homero]
1000 1370 1076 1420 Voss.
1093 1368 1226 1419 clarissimo
1245 1368 1298 1416 ber-

174 1454 256 1502 barum
269 1461 303 1502 est
313 1453 418 1503 Homero
431 1461 493 1502 teste.
517 1454 602 1514 Quare
614 1449 645 1501 τὸ
661 1461 715 1501 teste
728 1454 816 1502 tollere
830 1453 951 1503 Gelenius
963 1469 1016 1502 non
1028 1454 1122 1504 debuit.
1145 1454 1196 1504 Sed
1209 1454 1298 1503 babuit

174 1539 285 1599 codices,
303 1539 390 1601 quales
407 1540 536 1602 sequiores
552 1539 646 1598 nostri,
663 1539 690 1587 in
707 1538 799 1601 quibus
812 1539 899 1586 eadem
911 1554 963 1588 vox
976 1540 1139 1589 desideratur.

209 1621 262 1684 [ll‚
275 1621 319 1685 31]
338 1622 385 1672 Ubi
395 1630 417 1671 et
428 1640 474 1686 quo
483 1623 557 1685 fieret
569 1620 646 1683 niodo]
666 1624 741 1673 Voss.
755 1630 777 1671 et
788 1623 906 1685 quoniam.
924 1624 1007 1686 Lege:
1025 1623 1074 1674 Ubi
1083 1631 1106 1672 et
1117 1625 1299 1687 quonamfieret

173 1706 247 1756 modo.
793 1717 801 1729 ’·

207 1791 271 1842 (lar.
284 1795 317 1842 V.
332 1791 385 1854 [lu
404 1791 448 1854 43]
472 1791 526 1842 Alii
541 1791 661 1855 quadrato
677 1790 743 1841 caule
763 1791 879 1855 capitibus
891 1791 1008 1841 marrubii
1015 1791 1080 1854 folio
1092 1789 1201 1854 quercus]
1221 1792 1298 1841 Voss.

174 1874 284 1938 capitalis
294 1876 413 1925 marrubii
418 1875 491 1940 foliis
507 1892 611 1939 quercus.
630 1877 707 1939 Lege,
720 1874 837 1939 capitulis.
849 1877 893 1925 lib.
907 1880 947 1936 27,
961 1882 975 1925 9
991 1874 1043 1938 [47,
1056 1874 1112 1938 71]:
1129 1873 1160 1923 In
1178 1876 1299 1924 cacumine

173 1959 280 2023 capitulo
292 1969 347 2008 suut
355 1960 463 2009 echinata
473 1960 554 2024 spinis.
568 1961 680 2011 eiusdem
692 1961 709 2009 l.
724 1976 777 2024 cap.
793 1965 820 2010 ll
838 1958 891 2023 [70,
908 1958 966 2022 94]:
983 1958 1095 2024 Oopituia
1106 1967 1160 2008 sunt
1173 1957 1197 2006 in
1209 1975 1299 2008 surrrmo

173 2043 239 2093 caule
252 2044 338 2094 tenuia.

209 2127 267 2190 [21,
286 2127 329 2190 48]
354 2128 409 2177 Alii
416 2129 483 2193 folia
501 2130 565 2195 nipri
579 2129 675 2194 platani
689 2128 790 2192 similia]
813 2131 890 2180 Voss.
909 2130 981 2194 nipra
994 2128 1102 2193 platano.
1126 2129 1227 2180 Scribe:
1246 2127 1301 2178 Alii

171 2212 237 2276 solia
249 2213 332 2276 niprce
340 2212 442 2276 platano
454 2213 551 2263 similia.

208 2297 272 2348 CAP.
286 2298 332 2347 VI.
346 2295 399 2360 [29,
413 2297 457 2361 bb]
480 2297 599 2348 Cannabis
614 2316 658 2363 per
670 2299 780 2349 ambitum
794 2297 885 2360 incisis]
904 2299 986 2349 Aoud.
1002 2296 1124 2347 Cannabis
1136 2305 1158 2345 et
1168 2298 1298 2360 perterrita-

175 2381 230 2431 biies
242 2383 329 2433 incisis.
347 2385 413 2434 Gud.
430 2383 549 2449 Cannabis
557 2383 753 2448 pertomitobiles:
767 2392 795 2432 ut
807 2392 832 2433 et
844 2385 977 2446 Andegnv.
995 2384 1098 2447 Menup.
1112 2379 1233 2437 Cannabis
1242 2399 1299 2446 per·

175 2466 315 2518 tenutabilis.
343 2470 497 2519 Vossianus:
524 2469 638 2521 carinobis
655 2467 815 2532 pertemitalis
835 2468 922 2518 incisis.
954 2470 1045 2529 Forte,
1070 2485 1115 2531 per
1140 2467 1300 2516 extremitates

177 2552 266 2603 incisis.

208 2638 273 2688 One.
290 2637 352 2687 VII.
371 2637 428 2700 [38.
446 2636 489 2699 77]
508 2637 602 2687 Medici
615 2639 655 2686 sui
670 2638 760 2686 rronrinc
774 2646 795 2686 et
804 2638 898 2702 fratris
916 2637 1014 2700 Musae]
1034 2638 1076 2688 Ab
1092 2638 1232 2688 Hermolao
1252 2647 1298 2687 est.

174 2724 259 2771 Nostri
273 2731 393 2784 quatuor:
407 2719 492 2769 medici
502 2722 541 2769 sui
547 2722 642 2784 fratris
654 2721 744 2769 nominc
756 2729 779 2769 et
790 2722 885 2771 Musae.
905 2724 1034 2787 Optimus:
1047 2722 1138 2770 nomine
1145 2721 1299 2785 fratr-isfuit

174 2804 268 2854 blasae.
290 2804 371 2868 Lege:
394 2821 465 2868 quam
482 2805 615 2868 appellavit
633 2805 796 2868 Euphorbium
818 2805 903 2855 medici
921 2807 959 2856 sui
978 2807 1076 2857 nomine.
1099 2808 1189 2856 Frater
1209 2806 1230 2855 is
1243 2805 1300 2869 fait

174 2888 270 2950 Musae,
283 2906 303 2937 a
311 2905 357 2952 quo
368 2890 404 2940 D.
423 2888 556 2952 Aupnstum
568 2898 729 2938 conservatum
742 2887 906 2941 indicavimus.
925 2893 982 2941 Hoc
994 2907 1096 2955 quoque
1107 2892 1248 2941 Pintienus.

209 2972 273 3023 CAP.
291 2976 363 3025 VIII.
383 2973 436 3038 [54‚
453 2973 496 3036 98]
516 2973 609 3024 Semina
617 2974 755 3038 pleuriticos
767 2984 788 3023 et
801 2992 884 3024 neruos
895 2973 1046 3039 confirmare]
1066 2975 1186 3038 Quinque
1205 2978 1298 3026 nostri:

112 3070 160 3115 794
173 3057 305 3122 pleuriticis
316 3068 338 3108 et
349 3060 434 3109 navis.
451 3062 598 3124 Distingne:
615 3059 682 3117 Quae
691 3058 840 3124 polprrbizos
853 3060 1035 3124 copnominatar,
1047 3059 1171 3120 convulsis,
1189 3058 1299 3119 contusis,

175 3159 203 3191 es
219 3143 268 3192 alto
280 3145 456 3209 praecipitatis,
472 3144 554 3194 radice
567 3152 626 3208 pota
644 3161 672 3192 es
684 3161 757 3206 aqua,
774 3143 901 3193 utilissima
913 3160 961 3192 esse
974 3143 1091 3205 traditur,·
1108 3143 1194 3191 semine
1207 3141 1298 3206 pleuri-

175 3228 228 3277 ticis
244 3238 267 3277 et
282 3229 374 3290 nemis5
390 3232 536 3294 confirmare,
554 3227 708 3293 excalfacere,
726 3227 807 3276 eadem
824 3227 932 3293 satyrion
948 3244 1003 3278 esse.
1027 3229 1069 3279 sic
1085 3229 1153 3277 enim
1171 3235 1197 3276 et
1213 3229 1299 3287 Voss,

175 3323 203 3363 nt
215 3314 340 3377 intelligas
353 3312 464 3362 raditur.

210 3396 263 3459 [55,
281 3395 325 3459 99]
349 3396 489 3447 Polemonia
505 3396 542 3446 vel
558 3395 720 3458 Philetaeris]
746 3398 805 3461 Opt.
818 3395 929 3458 filateris.
955 3396 1073 3457 Qnotuor
1095 3397 1151 3457 alii,
1166 3393 1299 3458 phileteris.

176 3484 269 3544 Scribe,
279 3481 424 3546 philetaeris.
444 3477 604 3546 Φιλεταιρίς,
618 3482 650 3530 ab
664 3497 694 3531 eo
707 3484 750 3545 qui
762 3483 833 3545 regni
844 3482 952 3531 Attalici
963 3481 1130 3531 fundamenta
1141 3481 1208 3530 iecit.

209 3566 273 3617 Onu.
286 3567 332 3616 IX.
348 3566 399 3630 [64‚
414 3565 473 3629 112]
492 3566 534 3616 En
548 3563 619 3615 Creta
631 3565 722 3615 radicis
734 3565 808 3614 dulcis
820 3574 842 3614 et
853 3565 941 3630 mapis]
961 3566 1061 3616 Chiflei.
1074 3574 1099 3616 et
1110 3566 1185 3615 Voss.
1199 3580 1228 3612 ea
1243 3560 1299 3611 Ore-

175 3651 222 3702 tico
239 3650 329 3700 radicis
346 3660 369 3700 et
385 3653 467 3716 mapis.
488 3654 537 3703 Sed
550 3661 575 3702 et
587 3653 662 3702 Voss.
676 3650 711 3699 ad
721 3660 839 3715 serpentes
851 3650 946 3719 sitq,
965 3653 1018 3701 sine
1030 3649 1071 3715 τῷ
1080 3658 1121 3700 cst.
1141 3649 1240 3701 Scribat
1256 3644 1300 3694 Es

174 3736 231 3787 aliis
242 3753 298 3786 usus
309 3737 411 3799 seminis,
424 3754 453 3785 cu
467 3735 557 3787 Cretico
569 3736 660 3786 radicis
672 3744 712 3785 cst.
725 3736 810 3800 Mapis
821 3734 857 3784 ad
866 3743 985 3799 serpentes
999 3736 1084 3784 bibitur
1095 3751 1107 3782 e
1119 3734 1173 3783 cino
1183 3729 1300 3781 drachma

175 3838 230 3872 una.
249 3823 330 3872 Acsb.
348 3830 373 3871 et
385 3821 451 3871 Gud.
470 3819 512 3870 Ec
529 3830 594 3870 creto
611 3820 678 3870 ducis
694 3829 717 3870 et
733 3820 817 3885 napis.
835 3821 904 3871 And.
922 3828 947 3870 et
962 3821 1032 3869 Men.
1050 3817 1092 3866 Ec
1108 3825 1174 3866 creta
1185 3813 1266 3864 'dulcis
1277 3821 1300 3862 et

176 3907 261 3972 napis.
1073 3916 1076 3925 ¹

173 3973 180 3986 ἱ
211 3992 264 4055 [70,
279 3990 338 4054 117]
362 3988 442 4041 Ocules
459 4000 492 4040 est
504 3991 526 4040 ei
538 3990 624 4053 tenuis]
644 3993 719 4040 Voss.
736 3987 817 4040 Cauiis
833 3999 856 4040 et
872 3990 953 4040 tenuis.
977 3991 1030 4040 Alii
1049 4002 1147 4038 omnes:
1168 3983 1249 4036 Gauiis
1266 3991 1301 4032 est

178 4075 258 4125 tenone
276 4077 336 4126 Fuit
347 4077 379 4126 ab
392 4085 507 4128 anctore:
522 4073 604 4126 Cauiis
616 4077 639 4125 ei
651 4076 732 4124 tenuis.
989 4081 1002 4107 ⁴
