2918 4794
173 277 214 339 48
666 297 810 340 ononom

209 446 261 510 [20,
281 446 325 509 nt]
350 445 502 508 t’erutaceos,
525 447 616 496 omnino
632 448 750 510 rubentes]
778 449 854 498 Voss.
875 449 954 498 omnia
974 451 1088 502 rubentes.
1112 460 1140 503 ut
1155 453 1199 502 lib.
1218 460 1296 515 24,8

175 529 228 594 [36,
242 530 285 594 54]
298 531 349 581 alm
360 531 445 580 similis
458 530 513 594 [ubi
526 541 611 582 tumen
624 533 711 595 Sillig:
728 531 792 581 alias
808 531 914 594 similis}
933 535 1106 585 Tertullianus
1120 535 1204 586 nedum
1218 539 1298 587 omnia

173 615 333 666 candidatum.

208 699 260 762 [22,
273 699 317 762 39]
336 700 431 765 Imponi
447 709 469 749 et
486 701 535 750 bibi
551 701 630 750 iubent
639 699 718 763 folia]
741 695 777 750 Τὸ
796 702 875 752 iubent
890 706 972 754 nostri
989 706 1102 768 quinquo
1119 720 1206 755 omnes
1223 707 1296 770 igno-

172 794 236 835 runt.
255 787 321 836 Iure.
342 787 491 849 intelligitur
504 787 572 836 enim
584 785 651 850 apud
661 795 767 836 auctores
778 787 878 852 repperi.
1158 778 1160 783 ’

206 895 270 945 Onu.
283 897 330 945 VI.
345 894 397 958 [24,
411 894 455 957 42]
477 893 606 956 Conuolsis,
618 893 681 955 lieni,
692 894 832 958 interaneis]
846 888 984 958 Quomodo
996 899 1135 961 imponitur
1148 898 1294 950 interaneis?

171 981 241 1043 Lego
254 996 312 1030 cum
325 982 461 1030 Vossiano:
477 978 583 1029 Laxatis
594 996 684 1044 quoque
696 980 822 1044 imponitur
833 989 855 1029 et
866 981 981 1030 contusr's:
998 981 1054 1031 lenit
1065 982 1203 1032 interanea:
1215 983 1294 1033 aluum

171 1065 233 1113 si'stit
245 1073 318 1125 cocta,
332 1073 378 1114 eto.
400 1063 508 1113 Contusis
521 1073 546 1114 ot
558 1065 657 1115 chiflet.
675 1066 787 1115 Pintiani
800 1081 902 1129 quoque
915 1069 997 1116 codex
1010 1065 1073 1128 lenit,
1091 1070 1159 1117 unde
1176 1068 1218 1117 ille
1235 1069 1295 1120 fucit

171 1148 257 1198 leviter.

205 1259 269 1309 Cer.
282 1259 342 1308 VII.
358 1258 410 1321 [28,
423 1257 467 1320 45]
487 1259 527 1308 De
542 1274 586 1306 usu
603 1258 653 1306 eius
669 1257 775 1306 conuenit
790 1257 867 1306 dicere
883 1258 970 1307 labae
979 1259 1129 1322 facillimae]
1154 1262 1294 1312 Vossianus

170 1344 239 1393 iubet
252 1343 328 1393 deleri
340 1340 370 1391 τὸ
385 1341 468 1390 dicere.
486 1342 575 1405 Neque
587 1351 633 1403 est,
645 1357 689 1391 cur
701 1343 723 1391 oi
735 1344 903 1392 adversemur.

206 1424 258 1487 [28‚
273 1425 317 1488 49]
335 1425 390 1474 Alii
396 1427 478 1489 pueris
487 1425 556 1488 folia
569 1426 592 1473 in
602 1425 654 1487 fico
665 1425 701 1474 sic
713 1434 739 1473 ut
750 1425 945 1488 amaritudinem]
957 1428 1081 1478 Nonnulli
1098 1435 1124 1475 ut
1138 1428 1173 1477 sic
1188 1429 1293 1480 iaciunt.
1363 1441 1364 1445 ’

171 1512 286 1570 Quutuor
297 1510 468 1570 membranae,
479 1509 532 1571 fico
547 1509 621 1558 siccat
637 1508 826 1560 amaritudinem.
846 1511 1002 1576 Praecipuus
1014 1527 1083 1562 vere:
1101 1510 1156 1560 Alii
1167 1513 1251 1576 pueris
1268 1514 1294 1562 in

163 1595 214 1655 fico
226 1595 297 1656 sicca,
309 1603 335 1642 ut
346 1592 658 1656 amaritudinemfallerent.
676 1595 773 1645 Notum
785 1595 850 1645 illud
861 1595 974 1645 Lucretii
988 1594 1024 1658 [1,
1038 1602 1096 1647 936.
1108 1598 1293 1662 Luchmann.]:

374 1677 424 1729 Sed
435 1677 506 1727 ueluti
514 1679 594 1741 pueris
606 1677 727 1726 absinthia
739 1686 800 1727 tetra
812 1666 927 1727 medentes

375 1762 432 1813 Cum
445 1762 503 1811 darc
515 1771 636 1821 conantur,
646 1763 716 1826 prius
728 1780 783 1811 oras
792 1762 879 1826 pocula
891 1764 977 1812 circum

375 1847 517 1912 Continpunt
528 1847 603 1896 mellis
615 1845 680 1896 dulci
687 1847 803 1911 flavoque
816 1846 913 1911 liquore.

169 1936 234 1984 Eam
251 1935 333 1983 vloem
349 1934 392 1982 hic
407 1941 538 1997 praestant
553 1932 664 1983 Curione.
687 1932 744 1981 Lib.
759 1938 799 1993 15,
815 1939 844 1982 18
859 1931 916 1994 [19,
934 1931 977 1995 70]
995 1933 1114 1984 siccandis
1130 1935 1187 1985 daec
1203 1937 1227 1984 in
1244 1937 1293 1985 sol.

169 2019 302 2083 aptissima.
320 2020 363 2067 lib.
382 2019 471 2067 eodem
489 2033 543 2080 cup.
562 2024 593 2067 29
614 2015 721 2081 [potius:
739 2024 784 2078 28,
803 2024 848 2078 34,
867 2015 939 2079 117]1
965 2017 1109 2068 Detralitur
1126 2018 1184 2068 llaec
1201 2018 1292 2084 (cutis)
1322 2060 1326 2067 .

167 2104 220 2162 ficis
240 2103 380 2162 uirentibus,
402 2109 428 2149 ut
440 2109 566 2164 pulonem·
590 2098 670 2148 eadem
688 2100 713 2148 in
729 2100 797 2148 siccis
813 2100 914 2148 manime
932 2100 1019 2164 placet.
1047 2103 1091 2151 lib.
1110 2110 1155 2164 20,
1176 2110 1205 2154 15
1234 2103 1293 2167 [list

168 2189 257 2236 vitium
269 2189 295 2236 in
307 2187 424 2237 numeris.
443 2186 540 2235 Locum
558 2187 599 2235 din
618 2187 760 2248 quaesitum
776 2187 884 2249 reperire
900 2203 952 2235 non
968 2189 1048 2251 potui.
1068 2187 1118 2237 Sed
1136 2188 1215 2238 alium
1232 2192 1291 2239 sub-

168 2274 254 2333 stituo,
272 2279 312 2332 24,
329 2279 351 2332 5,
369 2278 408 2332 10,
426 2277 464 2321 lo.
483 2270 512 2318 111
530 2270 583 2319 vino
593 2279 664 2334 potus
681 2269 807 2333 illiusque,
825 2287 873 2318 cum
884 2270 937 2332 fico
948 2271 1011 2319 sicca
1021 2271 1108 2334 pinqui
1124 2272 1185 2320 vitia
1201 2273 1291 2322 testium

167 2356 273 2420 sanat.]:
286 2356 432 2419 Decoquitur
445 2354 508 2404 alias
525 2356 549 2404 in
562 2354 638 2404 mulsa
652 2372 716 2418 aqua
729 2363 773 2403 aut
781 2354 916 2416 ficnsicca.
935 2355 977 2404 lib.
991 2363 1031 2416 23,
1048 2362 1060 2407 7
1075 2354 1128 2419 [63,
1148 2356 1219 2420 121]1
1237 2356 1291 2408 Sic-

168 2459 209 2490 cae
220 2442 268 2504 fici
278 2441 421 2490 stomachum
434 2438 538 2501 laedunt,
549 2441 641 2504 putturi
652 2448 674 2488 et
683 2441 800 2504 saucilms
812 2439 937 2502 maqnifice
949 2439 1025 2488 utiles.
1044 2440 1116 2490 Idem
1127 2442 1268 2505 Pintianps.

203 2526 256 2588 [28,
274 2524 318 2588 50]
341 2525 393 2574 Ant
407 2524 431 2573 si
445 2533 528 2572 manat
543 2524 629 2582 sanies,
647 2540 698 2571 cum
716 2522 782 2572 melle
800 2522 892 2585 tritum]
916 2525 982 2575 Gud.
999 2533 1024 2573 et
1041 2526 1117 2574 Voss.
1135 2527 1196 2574 duo:
1213 2534 1292 2574 manet

167 2612 254 2659 sanies.
278 2612 337 2672 Opt.
354 2611 433 2658 Aures
451 2607 559 2656 decoctae
575 2607 624 2656 eius
641 2623 715 2670 uapor
733 2605 782 2669 (sie
794 2619 819 2656 ot
831 2608 945 2670 Chiflet.)
961 2607 1044 2671 suffitu
1059 2616 1144 2656 sanat:
1159 2610 1184 2657 si
1197 2620 1292 2658 manent

167 2694 241 2752 sanie,
259 2709 309 2740 curn
328 2691 393 2740 melle
410 2692 497 2740 tritum.
517 2692 559 2742 Sic
571 2692 660 2743 Tacito
674 2697 696 2738 2.
710 2692 794 2740 annal.
809 2699 849 2741 23.
863 2690 927 2740 alvei
937 2700 1060 2741 manantes
1072 2709 1118 2755 per
1134 2692 1220 2742 latera.
1238 2694 1289 2743 Ubi

167 2779 223 2826 vide
236 2790 300 2840 quae
314 2777 431 2825 diximus.

105 2893 152 2939 797
202 2881 265 2930 Osi.
282 2879 343 2928 XII.
361 2876 434 2940 [105,
450 2876 508 2939 130]
528 2877 586 2928 Sive
602 2877 664 2926 intus
680 2879 727 2927 siue
745 2887 815 2927 entra
830 2880 964 2942 purulentis
980 2877 1187 2940 exscreationibus]
1212 2879 1287 2928 Voss.

166 2965 200 3014 sic
217 2972 239 3013 ct
254 2965 279 3013 in
294 2963 354 3012 tussi¹
363 2972 438 3011 uetere
455 2981 471 3012 a
484 2963 623 3026 purulentis.
641 2965 688 3014 His
701 2964 768 3013 mole
779 2965 852 3014 lectis
864 2973 1005 3014 monstrum
1017 2965 1081 3014 illud
1093 2966 1211 3027 vulgatae
1222 2963 1288 3012 iece-

166 3059 225 3101 runt
240 3051 291 3100 ium
307 3050 450 3113 inscriptis
465 3049 588 3112 sequioris
605 3050 702 3099 estatis.
725 3049 853 3099 Emendat
870 3047 901 3099 Si
917 3046 1037 3096 dissolutio
1053 3046 1179 3107 maniachi,
1195 3063 1225 3094 er
1235 3045 1288 3108 sri-

165 3133 226 3199 pc'da
242 3150 308 3198 aqua
325 3133 438 3181 sumitur:
455 3132 489 3181 sic
501 3141 524 3180 et
535 3133 560 3180 in
572 3132 632 3181 tussi
647 3140 721 3181 uetere
733 3149 762 3180 oc
775 3131 910 3195 purulentis
921 3132 1127 3180 exscreationibus.
1146 3133 1188 3180 lib.
1201 3137 1242 3189 21,
1257 3138 1286 3180 19

168 3219 225 3283 [77,
244 3217 316 3281 132];
338 3217 363 3266 in
384 3200 442 3266 tussi
462 3225 536 3266 cetere
557 3215 650 3266 radices
671 3217 720 3264 eius
741 3225 787 3264 tres
808 3224 937 3280 quatuorve
957 3215 1094 3280 decoquunt.
1123 3216 1165 3264 lib.
1188 3221 1233 3274 22,
1254 3221 1287 3265 23

167 3301 308 3366 [49,105]:
326 3300 510 3350 Anhelotore'bus
527 3310 548 3349 et
566 3303 590 3350 in
608 3301 667 3349 tussi
677 3309 768 3349 vetusta
783 3317 834 3348 cum
847 3317 921 3364 porro
938 3318 967 3348 eu
979 3309 1045 3349 aceto
1061 3299 1141 3347 datur.
1160 3301 1203 3348 lib.
1216 3305 1257 3359 23,
1272 3304 1286 3346 8
1335 3353 1342 3361 ,

168 3385 221 3449 [78,
235 3385 308 3449 150]1
326 3385 397 3435 Tusci
407 3401 498 3448 quoque
509 3386 582 3434 veteri
593 3385 671 3445 tritae,
685 3385 710 3432 in
721 3401 786 3447 aqua
798 3383 874 3432 muira
883 3393 963 3448 potae.
982 3385 1025 3435 Sic
1038 3399 1140 3447 quoque
1151 3383 1218 3433 Pint.

201 3467 291 3532 [Ibin]
310 3468 445 3534 Sinyultus‚
464 3469 578 3530 tormina,
595 3467 748 3533 asperitates]
767 3469 843 3519 Voss.
862 3468 976 3519 herbetus.
1002 3471 1144 3532 Numquid,
1161 3465 1287 3531 sinyultus

167 3554 281 3614 tormina,
299 3552 420 3618 herpetas,
438 3554 523 3618 capitis
537 3554 686 3618 pravitates?
709 3556 735 3603 id
754 3563 804 3614 est,
823 3550 943 3619 ἔρπητας
959 3555 999 3602 vel
1016 3549 1184 3620 ἑρπηδόνας,
1200 3551 1288 3600 ulcero

166 3640 297 3689 manentia
312 3638 351 3688 vel
369 3639 501 3702 serpentia.
528 3637 638 3687 Psellus:
657 3626 776 3703 Ἕρπης,
794 3635 884 3695 πάθος
899 3634 934 3694 ἐξ
949 3634 1056 3702 ξανθῆς
1068 3633 1156 3703 χολῆς
1171 3633 1288 3698 ἀμιγοῦς

166 3722 263 3789 ἑτέρου
272 3722 364 3790 χυμοῦ
376 3721 444 3771 κατά
456 3738 479 3771 τι
490 3719 587 3786 popter
600 3719 798 3782 συνιστάμενον.

200 3826 264 3876 CAP.
278 3825 353 3874 XIII.
373 3823 442 3886 [110,
458 3821 517 3885 137]
537 3821 651 3873 Inltnimr
669 3823 780 3887 lentipini,
797 3831 819 3871 et
836 3840 885 3872 oum
903 3823 998 3883 inaruit,
1017 3820 1111 3882 teritur]
1130 3823 1205 3870 Voss.
1223 3819 1286 3868 dete-

166 3910 232 3957 ritur.
251 3919 326 3968 recte,
339 3910 386 3959 nisi
400 3910 473 3957 mulis
486 3907 622 3971 deterpitur.
