2918 4794
507 317 612 358 norun
628 315 768 357 unsrun.
784 314 900 354 xxxva
1206 288 1266 352 109

182 472 222 534 [4,
240 468 285 532 36]
304 465 443 532 Dactylidis
459 465 574 530 Pythias,
591 463 754 528 Amphistrati
773 461 951 525 Callisthenem]
974 462 1055 511 Acad.
1072 459 1189 508 dcterulus
1202 458 1269 524 phebi

147 554 308 619 amphistrati.
331 553 401 602 Men.
415 561 441 600 ot
453 550 519 601 Gud.
533 548 651 598 decertilis
664 548 768 612 pithiam
784 546 894 611 amphist.
918 548 994 597 Voss.
1007 544 1102 594 dercilis
1116 544 1201 608 pycias
1217 559 1268 591 am-

142 639 265 703 phistrati.
277 639 410 687 Fortasse:
423 633 524 699 Dercyli
536 642 628 699 pyctas,
637 632 799 696 Amphistrati
809 630 982 681 Callisthenem.
993 631 1049 681 Lib.
1061 631 1084 691 7,
1098 635 1128 678 12
1148 626 1201 690 [10,
1212 626 1267 690 51]

146 722 310 772 Indubitatum
327 719 455 784 exemplum
474 727 508 767 est
519 718 609 769 Nicaei
623 716 708 766 nobilis
720 725 807 782 pyctae
819 715 938 781 Byzantii
951 714 1031 780 yeniti.
1049 715 1161 764 Pintiani
1178 714 1268 772 codex,

147 805 262 870 Dercyles
270 805 365 870 pyaas:
378 805 445 855 unde
457 804 519 867 ipse,
531 801 674 866 Dercylides
682 809 776 866 pyctas.

184 889 223 953 [4,
242 888 287 950 at]
305 887 401 938 Deinde
417 886 539 935 multorum
556 885 674 934 obscurior
687 885 762 948 sama
778 883 823 946 est]
847 886 922 934 Voss.
940 894 965 934 et
981 885 1048 934 Pint
1031 884 1105 934 trani:
1126 880 1179 931 Nec
1199 877 1269 928 multo

145 974 248 1038 plurium
258 972 335 1035 fama
346 979 390 1032 est,
408 973 461 1020 sinc
473 985 510 1034 τῳ
499 967 649 1055 obscurior.
667 969 725 1018 Non
737 969 803 1018 mult
793 977 819 1018 to
832 968 917 1032 plures
935 970 968 1018 ed
983 968 1080 1017 famam
1092 971 1269 1030 pervenerunt.

184 1057 220 1119 [4,
233 1055 278 1118 38]
301 1055 413 1106 Omnibus
425 1063 447 1102 et
460 1054 569 1117 picturae
581 1060 604 1100 et
614 1052 747 1100 statuariae
759 1052 819 1100 artis
834 1050 1029 1116 praeferendum]
1048 1051 1160 1102 Parum'
1154 1058 1192 1099 mt
1182 1055 1269 1100 tterest
1284 1057 1333 1101 843

149 1144 194 1192 sed
207 1152 293 1192 tamen
306 1140 425 1190 ctAcad.
438 1138 505 1188 Gud.
517 1138 587 1187 Men.
600 1138 676 1186 Voss
686 1135 885 1200 praeponendum.

184 1225 220 1288 [4,
234 1224 278 1287 40]
298 1224 379 1274 Iouem
390 1222 455 1286 fecit
466 1220 601 1283 eburneum]
620 1222 701 1270 Acad.
715 1221 782 1271 Gud.
794 1222 863 1270 Men.
878 1222 951 1271 Voss,
965 1221 1079 1270 eboreum.

185 1307 271 1373 [ibid]
290 1307 341 1360 Sed
356 1322 417 1370 quae
432 1305 534 1370 fecerit,
557 1303 695 1354 inominatim
712 1302 887 1368 conrefertur]
910 1305 986 1354 Voss.
1004 1303 1098 1352 Fecisse
1118 1320 1191 1366 opera
1211 1319 1271 1352 com-

147 1395 222 1460 plura
238 1392 338 1442 dicitur:
354 1407 414 1453 quae
424 1388 520 1453 fecerit,
537 1388 674 1437 norninatim
686 1405 731 1437 non
742 1390 834 1453 fertur.
858 1390 939 1439 Acad.
953 1403 1063 1452 quoqne,
1081 1389 1152 1438 Men.
1166 1397 1192 1438 et
1203 1388 1271 1438 God.

143 1482 234 1544 fertur.

186 1564 223 1627 [4,
237 1562 281 1625 41]
303 1560 373 1611 Cuius
385 1577 410 1609 se
421 1576 576 1609 mammeam
589 1559 697 1608 habuisse
710 1559 816 1608 leaenam
829 1557 915 1620 tradit]
934 1559 1050 1608 Verbum
1064 1556 1140 1606 tradit
1150 1559 1273 1608 inducunt

153 1658 178 1699 et
188 1651 264 1699 Voss.
277 1648 380 1710 Menap.
394 1646 460 1695 Gud.
473 1645 650 1704 Academicus,
670 1645 764 1707 quippe
777 1647 845 1707 quod
857 1645 938 1693 lateat
950 1644 976 1691 in
988 1640 1028 1706 τῷ
1038 1641 1184 1705 maym'flcat.

186 1734 250 1784 ΟΑΡ.
263 1731 309 1781 VI.
328 1728 365 1791 [7,
383 1727 428 1789 48]
446 1727 600 1791 staesemum
611 1727 739 1790 fabrorum
760 1723 870 1775 Caesaris
885 1728 910 1776 in
930 1724 1021 1777 Gallia.
1041 1724 1125 1789 Neque
1141 1725 1274 1790 indiynatio

152 1816 194 1879 sit]
212 1818 288 1867 Voss.
301 1823 326 1863 et
337 1814 459 1863 Pintiani:
475 1811 580 1875 fabrum.
598 1812 666 1859 Dein
677 1811 759 1860 Acad.
773 1827 814 1859 nec
830 1809 858 1858 id
872 1809 999 1858 dednimus
1017 1809 1146 1873 indiynari.
1165 1811 1235 1860 Meu.
1248 1819 1274 1860 et

153 1901 219 1951 (iud.
236 1914 309 1961 neque
326 1896 355 1945 id
371 1895 496 1945 desinimus
513 1889 639 1958 iudiynati.
657 1895 732 1944 Voss.
749 1910 823 1956 neque
840 1893 868 1943 id
883 1893 1004 1958 indiynati
1018 1893 1079 1941 desit
1095 1893 1145 1943 tali.
1173 1893 1272 1944 Scribe:

153 1983 305 2034 Mamurram
320 1980 422 2031 Formiis
433 1962 632 2041 naturn,'equitem
645 1977 788 2039 Romanum,
804 1979 951 2042 praefectum
965 1976 1063 2040 febrim
1080 1976 1106 2028 G.
1122 1975 1233 2027 Caesaris
1249 1979 1274 2045 in

116 2082 120 2089 ·
156 2065 253 2118 Gallia:
265 2083 293 2114 ne
305 2064 364 2128 quid
374 2063 500 2128 indiynari
510 2061 570 2110 desit
583 2061 628 2111 tali
638 2071 733 2111 auctore
745 2062 840 2112 inuenta
848 2079 881 2111 re.
899 2064 956 2113 Lib.
966 2069 1007 2122 33,
1023 2068 1049 2111 11
1064 2060 1117 2123 [5θ,
1130 2060 1202 2123 149]1
1214 2078 1275 2124 quae

153 2159 176 2198 et
191 2152 245 2214 ipsa
257 2149 385 2213 (Achaica
400 2144 519 2207 victoria)
536 2147 607 2211 siyna
624 2155 646 2194 et
663 2145 755 2195 tabulas
768 2147 848 2210 pictas
864 2146 964 2207 incenit,
981 2145 1086 2209 nequid
1102 2145 1196 2196 deesset.
1218 2148 1274 2196 Lib.

154 2240 194 2296 35,
208 2240 237 2284 11
254 2233 306 2296 [36,
323 2231 394 2294 106]1
406 2231 447 2282 Ne
458 2229 518 2295 quid
529 2229 589 2281 desit
601 2230 711 2294 temperis
723 2231 773 2279 eius
785 2231 919 2292 securitati,
931 2230 1002 2279 tibias
1015 2239 1100 2280 tenens.
1118 2232 1175 2280 Lib.
1188 2236 1230 2292 36,
1245 2237 1273 2279 15

156 2316 355 2379 [24,111];Βί1
371 2315 472 2365 uidimus
487 2317 566 2364 urbem
585 2323 655 2363 totam
673 2315 738 2380 cinyi
753 2314 859 2364 domibus
872 2314 1006 2378 principum
1022 2313 1078 2363 Caii
1092 2323 1114 2362 et
1125 2314 1237 2375 Neronis,
1254 2324 1277 2363 et

154 2402 223 2450 huius
235 2400 328 2464 quidem
342 2399 382 2462 (ne
394 2400 455 2464 quid
466 2398 564 2463 deesset)
576 2416 658 2448 aurea.

190 2483 225 2546 [8,
238 2482 282 2545 49]
301 2485 411 2548 Denique
423 2485 461 2534 M.
473 2483 581 2547 Lepidus
596 2481 676 2532 Catuli
692 2482 716 2532 iu
729 2482 850 2532 consulatu
862 2483 963 2548 colbeya]
983 2485 1099 2546 Quatuor
1114 2489 1276 2536 membranae

155 2583 205 2618 nno
218 2569 302 2617 animo
316 2569 455 2618 excludunt
467 2564 497 2616 τὸ
512 2566 618 2630 denique.
1171 2578 1177 2589 ·
1194 2584 1197 2593 ·

189 2653 252 2703 ΟΑΡ.
265 2653 327 2703 VH.
341 2651 452 2716 [lists]
472 2651 643 2701 Praiosissimi
654 2650 746 2714 quidem
757 2653 850 2716 yencris
861 2651 1089 2715 Lacedaemonium]
1108 2656 1190 2705 Acad.
1209 2656 1276 2706 aua.

154 2740 224 2788 Men.
237 2740 313 2789 Voss.
324 2738 418 2802 yeneris
429 2737 500 2786 sicuti
509 2735 731 2787 Lacedaemonium.
749 2739 840 2788 Porto:
858 2737 1036 2809 Pretiosissimi⁸
1045 2737 1161 2802 quaedam
1177 2738 1277 2804 pencris,

155 2823 224 2870 sicuti
234 2821 455 2871 Lacedaemonium.

190 2903 243 2966 [11,
263 2902 306 2964 57]
325 2902 367 2951 Eu
378 2902 487 2968 Aeyypto
503 2904 614 2953 trierim
625 2904 716 2966 Pollio]
735 2907 798 2956 Tres
815 2908 907 2968 quibus
926 2909 1028 2968 utimur,
1048 2909 1176 2958 Vitriasius
1192 2908 1278 2958 Pollio.

155 2990 234 3037 Recte
245 2988 323 3050 igitur
334 2987 475 3036 restitutum
495 2985 622 3046 is'itrasius,
641 2994 670 3036 ut
685 2989 761 3050 plane
773 2990 915 3052 Menapios.
935 2989 985 3039 Sed
1001 2994 1124 3054 quosdam
1142 2995 1177 3042 sic
1194 2995 1278 3056 legere

67 3074 77 3087 ‘
156 3074 233 3132 aiunt,
250 3080 278 3120 ut
290 3073 358 3134 apud
369 3071 544 3120 Modestinum
554 3070 575 3118 1.
590 3069 619 3120 C.
631 3071 658 3118 in
670 3071 791 3134 rescripto
804 3072 928 3121 Hadriani
942 3075 975 3121 ad
994 3073 1122 3123 Vitrasium
1135 3073 1278 3128 Pollionem:

156 3172 243 3205 verum
254 3157 280 3205 id
292 3157 396 3205 minime
414 3157 544 3219 quadrare,
560 3168 619 3204 cum
630 3154 788 3204 Hadrianum
805 3155 891 3206 multis
904 3157 976 3206 annis
988 3157 1087 3208 Plinius
1104 3161 1278 3210 antecesserit:

157 3256 236 3304 eoque
257 3242 336 3290 alium
352 3240 498 3289 Pollionem
518 3238 596 3289 fuisso
616 3253 748 3288 necessum
768 3254 822 3288 1111
843 3256 920 3303 qnam
942 3256 1008 3302 eum,
1030 3243 1062 3291 ad
1083 3257 1158 3305 quern
1179 3246 1279 3308 scripsit

157 3323 309 3375 Hadrianus.
334 3325 396 3386 Quis
414 3325 529 3374 dubitati
546 3339 592 3373 nec
604 3323 703 3373 Plinius
715 3323 872 3374 Hadrianum
889 3328 976 3386 modo,
994 3329 1037 3376 sed
1055 3335 1080 3376 et
1093 3327 1214 3380 Claudius
1226 3331 1278 3380 Pli-
1327 3339 1330 3347 “

157 3409 236 3458 nium.
262 3407 314 3468 Qui
330 3411 478 3473 rescriptum
490 3408 615 3458 Hadriani
631 3409 773 3468 advocavit,
790 3409 935 3460 insinuabat
949 3424 1001 3481 non
1020 3412 1129 3461 eundem
1144 3415 1279 3478 utrobique

158 3493 292 3542 hominem
300 3493 431 3557 appellari,
449 3494 494 3542 sed
512 3491 645 3541 Vitrasiam
657 3500 759 3555 gentem
772 3493 924 3556 Romanam,
942 3503 967 3544 et
978 3495 1031 3544 eius
1044 3498 1126 3559 gentis
1138 3512 1279 3562 cognomen

158 3573 288 3624 Pollionem
304 3578 390 3627 inisse.
410 3577 477 3626 Satis
492 3576 570 3639 igitur
587 3579 694 3641 quadrat
711 3579 763 3626 hoc
779 3579 935 3642 rescriptum.
955 3578 1175 3639 Quemadmodum
1195 3582 1278 3641 etiam,
1334 3616 1341 3624 .

159 3661 227 3720 quod
243 3663 328 3711 scribit
339 3662 390 3710 Dio
403 3661 445 3710 lib.
460 3664 490 3710 58
505 3658 575 3722 [19]:
593 3654 650 3708 Κᾶν
664 3657 751 3725 τούτῳ
765 3657 932 3727 θύητρασίου
946 3656 1092 3720 Πωλίωνος
1108 3664 1157 3712 τοῦ
1173 3667 1223 3729 τῆς
1234 3660 1277 3712 Αἷ-

158 3739 258 3803 ydrrrou
279 3738 412 3809 ἄρχοντος
433 3739 655 3810 τελευτήσαντος,
676 3735 778 3810 Ἰβήρῳ
799 3741 849 3794 τινὶ
872 3739 1028 3812 Ιιάισάρείῳ
1045 3744 1146 3813 χρόνον
1168 3745 1227 3797 τινὰ
1247 3747 1277 3797 τὸ

159 3820 242 3882 ἔθνος
258 3825 403 3891 ἐπέτρεψε.
428 3829 478 3878 Hic
494 3831 536 3878 vel
552 3839 623 3893 pater
638 3830 679 3879 vel
696 3845 710 3878 c
726 3838 788 3878 natu
805 3832 944 3882 maioribus
960 3833 1135 3895 proximorum
1152 3833 1200 3883 fuit
1216 3836 1279 3893 cius,

159 3909 230 3956 euius
246 3911 360 3960 meminit
374 3913 481 3963 Plinius.
498 3913 577 3977 Lapis
592 3915 707 3964 Puteolis
724 3916 750 3963 in
771 3918 879 3978 quadam
902 3918 972 3978 turri,
995 3920 1063 3980 apud
1080 3916 1216 3968 Gruterum
1233 3919 1278 3968 fol.

162 3997 279 4052 192,1o.
303 3993 499 4046 DEDIOATA.
526 3995 568 4047 VI.
591 3997 639 4048 ID.
662 3997 749 4048 AVa.
777 3998 804 4047 T.
830 3998 1008 4051 VITRASIO.
1027 4000 1223 4053 POLLIONE
1241 4001 1277 4052 Π.

160 4075 197 4124 Μ.
216 4075 287 4124 FLA
296 4075 362 4126 VIO.
380 4079 485 4130 APRO.
512 4081 590 4144 Apud
610 4084 717 4131 eundem
738 4081 784 4131 iol.
806 4090 863 4133 302.
884 4083 1086 4136 VITRASIVS.
1103 4086 1221 4137 POLIO
1245 4089 1279 4138 Et

167 4159 328 4222 iitrasiauum
342 4160 389 4212 SC.
401 4163 435 4212 D
449 4164 880 4228 11111111111111111.[1ο,5,30,6.]
