2918 4794
164 272 205 336 36
655 295 797 337 onosom

164 448 318 511 probantur?
336 447 449 496 Probent
461 452 554 506 autem,
573 446 616 508 qui
632 453 774 506 vescuntur,
792 446 881 506 saluts,
899 447 987 496 sinon
1005 446 1143 510 adfuerint,
1162 451 1249 513 exitio,
1267 452 1288 502 si

164 529 296 579 adfuerint.

199 612 252 676 [46,
266 612 310 675 94]
333 613 568 677 Deprehendtsseque
580 614 628 664 nesi
638 613 754 678 aprestes]
778 615 956 666 Scribendum:
975 615 1163 680 Deprehendisse
1174 618 1224 681 qui,
1240 618 1289 668 nisi

163 707 274 762 aprestea
289 703 405 759 possunt?
1324 704 1327 709 '

198 780 303 845 [16,95]
318 782 417 831 Ducunt
427 782 475 846 ipsi
485 781 536 831 alia
549 783 614 844 uina,
627 799 689 832 nunc
701 782 805 847 quidem]
820 785 936 834 Verbum
950 783 1044 847 clueant,
1052 786 1135 850 inquit
1145 787 1287 847 Pmuanuu

163 871 331 918 desecandum
344 875 369 916 et
380 882 520 930 pronomen
533 868 582 931 ipsi
596 869 768 932 superioribus
784 870 1008 931 agglutinandum:
1027 873 1095 933 quod
1106 878 1192 921 sutem
1203 873 1287 935 sequi·

163 963 212 1014 tur,
229 950 290 1001 Alia
302 951 368 1014 vitia,
385 967 446 1000 nunc
457 950 550 1014 quidem
563 952 716 1016 siserpentrs.
735 952 802 1004 Sans
814 951 902 1000 ducunt
917 954 994 1003 etiam
1005 955 1105 1016 ignorat
1117 955 1207 1006 melior
1218 956 1287 1006 Vos-

164 1039 260 1088 sianus:
279 1039 322 1086 sed
335 1043 359 1085 ct
370 1037 435 1085 idem
449 1052 506 1086 oum
520 1037 638 1085 omnibns
650 1037 706 1086 aliis
718 1038 810 1086 nostris
822 1044 848 1086 st
860 1037 1021 1098 Ohiflstiano,
1033 1052 1062 1085 ne
1073 1036 1174 1100 quidun.
1197 1040 1286 1089 Forte:

163 1120 250 1184 Aliqui
265 1098 378 1183 colliptlnt
393 1119 440 1184 ipsi
454 1119 504 1168 alia
520 1120 587 1181 vitia,
606 1120 630 1168 iu
647 1120 737 1183 quibus,
754 1120 777 1168 si
791 1122 907 1183 serpentis
923 1137 1026 1169 caverim
1043 1121 1112 1170 iusta
1120 1122 1208 1187 fuerit.
1231 1124 1288 1173 Nisi

163 1206 247 1255 mulis:
269 1213 339 1268 atque
356 1205 398 1267 qui
413 1202 542 1269 callipontt
563 1204 663 1253 Ducunt
679 1204 728 1267 ipsi
743 1203 793 1253 alio
810 1204 877 1266 vitia,
896 1220 908 1252 c
924 1205 1016 1267 quibua.
1040 1205 1106 1256 Nam
1125 1207 1192 1257 Gna.
1205 1207 1287 1257 Acad.

163 1292 266 1355 Menap.
278 1298 408 1353 utcunque
419 1291 462 1338 hic
475 1291 586 1353 corrupti
598 1290 695 1339 hubent
706 1297 792 1342 tamen
803 1288 883 1338 dicunt
894 1289 942 1353 ipsi
952 1289 1005 1338 alia
1017 1290 1077 1338 uitia
1088 1290 1201 1354 equidem.

197 1375 262 1425 Cas.
274 1372 377 1424 XXIII.
395 1371 448 1434 [47,
462 1370 506 1434 97]
530 1372 597 1432 Fica,
610 1371 698 1434 serula
714 1380 736 1419 et
750 1371 996 1436 pummiferentibus]
1020 1374 1100 1424 Aoad.
1116 1377 1196 1439 quma.
1219 1377 1286 1428 Gnd.

163 1459 251 1522 primia.
278 1458 353 1507 Voss.
370 1458 472 1519 Audeg.
489 1456 617 1520 quarinum.
644 1458 713 1506 Mon.
733 1453 805 1520 qimi.
834 1456 951 1520 Optimus
973 1459 1090 1523 pummim.
1120 1461 1155 1510 Et
1175 1461 1210 1511 sio
1230 1476 1288 1512 eam

164 1558 254 1592 vocem
270 1542 337 1591 idem
356 1542 437 1590 codex
453 1539 547 1589 formet
564 1547 604 1589 tot
619 1541 690 1602 locis,
709 1549 745 1601 ut,
765 1542 862 1590 etiamsi
879 1543 950 1592 solus
967 1542 1070 1606 feceret,
1087 1554 1220 1608 appareret
1232 1562 1288 1596 mos

165 1629 251 1677 Plinii.
274 1626 327 1676 Sed
342 1626 437 1688 passim
455 1626 607 1674 confirmant
624 1633 649 1674 et
664 1626 715 1674 ulii.
738 1625 815 1674 Libro
828 1631 869 1675 23.
886 1627 913 1674 in
931 1626 1050 1690 praefat:
1068 1627 1186 1678 Lacrima
1198 1629 1288 1690 vitium,
1347 1684 1358 1699 .

165 1728 225 1775 quae
241 1709 314 1759 veluti
328 1708 428 1774 purnmis
445 1717 487 1757 cst.
512 1709 645 1759 consentit
657 1710 734 1759 Voss.
747 1709 819 1760 alter.
837 1711 894 1760 Lib.
907 1716 948 1772 21,
965 1716 974 1759 1
992 1709 1027 1773 [1,
1041 1710 1082 1774 3Ῑ1
1104 1712 1211 1764 (luminis
1222 1722 1288 1762 aceto

157 1795 261 1859 facilius
276 1793 368 1843 eluitur.
387 1795 430 1843 ubi
447 1810 479 1843 ex
492 1793 594 1844 Ghiflct.
611 1801 703 1844 notant
720 1794 810 1843 commi.
829 1795 950 1845 Eiusdem
964 1801 1047 1860 cap.9
1064 1794 1116 1858 [37,
1130 1796 1187 1859 56]1
1211 1797 1287 1848 Unum

164 1881 237 1930 arbor
257 1880 311 1944 ipsa
330 1876 431 1927 exsudat
449 1878 577 1942 pummium
603 1877 678 1929 morlo.
710 1893 757 1928 nec
783 1879 856 1929 aliter
881 1880 1014 1943 Andagav.
1035 1888 1061 1930 et
1083 1881 1150 1931 Gud.
1173 1881 1236 1946 Cap.
1257 1888 1288 1933 lo

167 1963 220 2028 [47,
234 1963 293 2026 80]:
315 1963 432 2015 Gummim
450 1964 520 2011 etiam
539 1964 563 2012 in
581 1962 670 2011 hedera
686 1971 809 2026 quaerunt,
822 1979 891 2025 quam
904 1979 933 2011 es
945 1971 1011 2012 aceto
1022 1963 1170 2013 utilissimam
1183 1964 1289 2015 donabus

162 2049 309 2113 promittunt.
334 2049 375 2098 Sic
388 2063 476 2097 omnes
489 2049 573 2108 iidem,
592 2057 636 2097 sut
652 2049 756 2097 omnino
773 2056 818 2097 sut
834 2049 956 2096 maiorem
973 2057 1079 2112 partem.
1102 2051 1168 2099 Item
1186 2063 1241 2114 cap.
1257 2057 1285 2100 11

166 2131 310 2197 [64,105]:
331 2132 463 2182 Gumrreium
478 2146 567 2195 penora
583 2131 693 2192 dirimas,
710 2140 757 2182 cto.
779 2131 897 2180 Dentibus
915 2131 1010 2180 inutiles
1026 2141 1099 2182 erunt.
1126 2134 1177 2183 Ubi
1194 2134 1289 2186 frustra

164 2217 345 2278 Daleeampius
357 2214 458 2276 inutilia,
473 2217 544 2279 quasi
560 2231 612 2265 non
625 2224 744 2279 sequatur
756 2215 823 2274 Quae
834 2232 864 2264 er
875 2215 1006 2280 amygdala
1018 2233 1104 2265 antara
1116 2225 1151 2265 est
1162 2227 1187 2268 ot
1198 2219 1289 2268 siccant

166 2299 248 2349 inlitae
259 2307 285 2350 st
296 2317 347 2348 cum
356 2317 430 2364 passo
439 2308 518 2364 potae.
537 2302 581 2349 lib.
595 2307 636 2363 25,
650 2307 664 2350 9
679 2299 731 2363 [61,
748 2298 807 2362 108]
827 2309 1005 2350 concrescentem
1015 2302 1116 2365 gummis
1132 2300 1199 2352 moda
1212 2302 1287 2352 lumi-

168 2383 205 2433 dis
218 2383 280 2433 lsacis.
298 2387 343 2434 lib.
357 2391 397 2445 26,
413 2389 426 2436 7
441 2383 494 2446 [25,
508 2383 566 2446 41]:
586 2384 674 2434 lacteus
690 2402 779 2446 succus,
797 2386 839 2448 qui
849 2384 960 2433 densatus
972 2385 996 2434 in
1007 2385 1126 2450 pummim.
1143 2386 1187 2437 lib.
1200 2391 1241 2449 27,
1256 2394 1287 2438 12

167 2467 303 2532 [97,123]:
317 2469 525 2534 praecisofrutice
537 2469 581 2518 dat
592 2487 683 2519 meeum
694 2463 899 2535 pummibimilem.
912 2471 962 2520 Ms.
970 2470 1102 2534 punsntmsts
1113 2469 1190 2519 simili.
1209 2470 1287 2534 Lsgs,

164 2554 293 2615 pummrbus
312 2554 418 2604 similem.
447 2557 536 2605 eodem
558 2570 613 2619 esp.
634 2561 664 2604 13
683 2553 753 2617 [115,
773 2552 845 2616 141];
867 2571 949 2602 succus
965 2553 1014 2603 eius
1030 2553 1119 2602 laeteris
1135 2553 1160 2602 in
1176 2553 1287 2618 pummim

164 2641 289 2702 spissatur.
308 2641 351 2689 lib.
364 2645 405 2698 32,
418 2644 450 2688 33
464 2637 573 2703 [potiusz
592 2646 632 2700 32,
647 2646 670 2698 2,
686 2646 725 2701 13,
739 2637 783 2700 27]
795 2626 890 2701 fraude
901 2637 1072 2688 coniicientium
1082 2639 1201 2703 pummim.
1220 2640 1288 2689 Hinc

165 2724 283 2772 iudicium
295 2726 338 2772 liat
350 2726 380 2772 ds
393 2725 505 2773 caeteris.
519 2721 766 2784 [Lib.11,s[7,1t]:
783 2722 896 2786 (liquitur
908 2730 985 2771 aretem
998 2739 1051 2771 rore
1060 2739 1130 2771 verua
1142 2730 1165 2770 et
1175 2722 1288 2770 arborum

165 2822 239 2867 succo,
255 2807 344 2871 pummi
358 2806 433 2856 moda.
457 2808 523 2858 Gud.
542 2816 567 2856 et
581 2809 650 2857 Men.
667 2806 788 2854 ceramium
805 2804 880 2856 modo.
907 2810 985 2870 Lego,
1002 2807 1128 2871 pamniam
1144 2805 1219 2855 modo.
1245 2809 1288 2856 Ex

165 2889 287 2939 Inserenal
305 2907 328 2955 p.
342 2890 411 2953 sta]
440 2891 599 2942 Confirmant
620 2899 730 2954 quatuor
750 2893 829 2940 nostri
850 2892 916 2941 libro
937 2898 975 2952 13,
996 2899 1023 2942 11
1046 2890 1098 2954 [211
1112 2889 1169 2952 66]ε
1192 2890 1288 2941 Gummi
1357 2876 1365 2885 ¹

165 2973 276 3038 optimam
294 2991 343 3023 esse
358 2991 388 3022 ea
400 2974 521 3040 Aegyptia
537 2974 608 3038 spina
620 2975 733 3035 conuenit,
749 2974 927 3023 vermiculatam
940 2975 1015 3024 calore
1025 2974 1118 3039 plausa,
1134 2990 1221 3038 puram
1238 2974 1288 3023 sine

151 3058 257 3120 'cartica
270 3058 377 3107 dentibus
388 3057 561 3107 adhaerentem.
580 3061 615 3108 sic
626 3060 672 3107 illi.
691 3059 779 3109 Scribe
791 3060 879 3121 igitur:
901 3058 1026 3109 Gummim.
1048 3060 1158 3110 Rursusz
1175 3058 1289 3108 Deterior
1313 3059 1334 3080 '·

166 3160 194 3193 ea
207 3141 341 3208 amygdalis
353 3141 445 3190 amaris
457 3150 479 3190 et
491 3157 581 3202 causo,
589 3141 695 3204 pessima
707 3157 736 3189 ec
744 3141 837 3204 prunis.
861 3144 934 3202 Mox,
948 3140 1074 3205 infantium
1087 3140 1202 3192 ulceribus
1213 3143 1288 3208 aptis-

164 3227 233 3278 sima.
256 3230 332 3288 Tum,
350 3226 385 3275 acl
400 3225 460 3276 nibil
475 3225 551 3275 utiles.
569 3227 642 3275 item:
660 3225 703 3274 Fit
714 3233 736 3273 et
748 3241 777 3273 es
787 3223 920 3273 sarcocolla
936 3223 983 3285 (ita
995 3233 1093 3274 vacatur
1104 3224 1189 3287 arbor)
1201 3226 1290 3290 pummi

165 3311 297 3360 utilissima.
322 3311 416 3371 Scribe,
432 3310 540 3374 yumrnts.
563 3311 689 3373 Denique,
705 3307 760 3357 ideo
776 3307 880 3356 candida
897 3325 967 3371 quam
980 3311 1037 3373 rufa
1049 3309 1138 3360 melior.
1160 3313 1194 3361 Et
1209 3311 1288 3361 semel

164 3398 307 3459 iterumque
319 3411 352 3445 ex
365 3396 419 3445 aliis
431 3396 507 3444 verbo
520 3401 648 3443 notarunt.
662 3394 715 3444 Cur
725 3409 777 3443 non
789 3394 953 3442 restituerunt
961 3394 1044 3444 Plinio
1054 3395 1144 3444 suum?
1156 3395 1200 3444 lib.
1208 3400 1248 3453 16,
1256 3400 1288 3444 26

167 3478 312 3542 [45,1os]:
343 3478 411 3536 Quae
429 3478 519 3543 pummi
536 3477 648 3542 pipnunt,
665 3485 721 3540 post
736 3477 930 3541 geminationem
948 3478 1101 3541 operiuntur:
1125 3478 1215 3543 pummi
1233 3493 1288 3527 aero

165 3577 211 3609 non
223 3560 272 3610 nisi
278 3563 365 3625 fructu
378 3561 482 3611 detracto
494 3562 619 3626 spissatur.
637 3563 687 3613 Ubi
700 3575 732 3611 ex
745 3561 820 3613 chifl.
833 3569 968 3612 annotant:
986 3562 1102 3628 pummini
1111 3579 1173 3611 aero.
1196 3563 1233 3612 At
1244 3563 1288 3612 vix

166 3646 254 3696 dubito
276 3661 332 3696 sum
354 3648 480 3708 habuisse,
500 3647 605 3710 perinde
625 3654 654 3695 111
674 3647 754 3695 Aoad.
766 3649 835 3722 lieu.
858 3646 934 3707 (1111,
959 3645 1027 3704 Quae
1046 3646 1157 3711 pummim
1175 3645 1287 3710 pipnuats

166 3731 264 3791 deindo,
281 3730 381 3795 gummis
393 3747 454 3779 vero.
478 3730 518 3781 Sic
536 3740 561 3781 st
575 3732 677 3794 Andeg.
695 3732 845 3791 Vossianus,
863 3732 909 3781 etsi
926 3733 1009 3795 priore
1024 3734 1083 3782 loco
1098 3746 1224 3795 pummum.
1245 3730 1288 3781 Sic

167 3823 192 3864 st
208 3815 352 3866 Columella
366 3821 405 3876 12,
419 3821 459 3865 50.
481 3831 543 3863 noua
560 3813 626 3864 delia
639 3813 732 3878 liquida
742 3816 832 3880 gummi
841 3815 957 3879 perluere.
974 3818 1021 3867 nisi
1038 3817 1199 3866 scribendum
1213 3813 1288 3878 perli-

166 3913 228 3949 nere.
246 3900 311 3948 Mox
322 3900 388 3948 enim
401 3913 462 3947 nova
473 3897 539 3947 dolia
551 3897 589 3947 vel
598 3899 674 3947 serias
686 3916 770 3948 crassa
780 3900 870 3965 gummi
881 3900 993 3949 leserunt.

202 3980 255 4043 [ll,
268 3980 312 4043 98]
337 3981 662 4046 Utplumbumineculorum
675 3981 856 4044 medicamenta]
880 3984 1154 4045 Notaveruntinaliie,
1171 3991 1197 4031 ut
1209 3981 1287 4046 plum·

106 4066 153 4114 788
167 4063 218 4112 bum
235 4072 258 4113 et
274 4064 398 4114 oculorum.
425 4067 567 4117 Vossianus
584 4075 700 4116 neutrum
723 4071 830 4132 adoptat
849 4069 1009 4131 particulam.
1037 4068 1135 4118 Scribee
1160 4066 1287 4116 Labantur

167 4148 245 4208 etiam,
257 4157 283 4196 ut
291 4148 421 4212 plumbum,
433 4149 549 4199 oculorum
562 4149 734 4202 medicamento.
