2918 4794
532 315 637 358 uorsa
653 315 696 355 An
711 316 794 356 mua.
810 315 927 356 xxxvt.
1225 295 1283 356 111

112 457 121 470 ’
165 467 218 530 [ls‚
232 466 288 529 63]:
305 464 458 525 Onesimum,
471 481 528 527 qnos
544 464 634 516 Graeci
643 463 742 514 absidas
753 464 778 513 in
789 463 862 514 stellis
874 472 964 513 uocant.
983 465 1018 514 Et
1031 462 1100 526 [ib.]:
1115 462 1183 528 Erpa
1195 465 1226 512 ab
1238 463 1287 513 alio

164 554 246 616 cuique
256 560 334 601 centro
344 548 438 600 absides
446 565 504 598 suae
513 557 647 614 easurpunt.
665 551 699 598 Et
713 546 784 610 [ib.]:
797 548 907 612 quoniam
917 548 1039 598 interiores
1047 546 1144 597 absidas
1153 563 1244 602 necare
1253 555 1288 595 est

165 638 281 686 breviores
293 651 350 685 csse.
368 635 468 684 Ibidem
480 649 534 697 cap.
550 631 809 697 16[13‚ot]219ttnr
825 649 842 681 a
860 641 937 682 terrae
953 640 1031 682 centro
1048 631 1142 682 absides
1158 631 1288 682 altissimae

164 730 219 770 sunt
230 720 336 771 Saturno
348 720 372 768 in
385 717 521 781 Scorpione,
538 726 593 778 eto,
611 725 633 764 et
650 716 685 765 ad
700 725 778 766 terrae
794 725 896 766 centrum
910 717 1054 766 humillimae
1071 725 1142 780 atque
1157 716 1288 780 proximae.

94 800 96 804 Α
164 808 282 869 Denique
291 807 374 869 ipsum
385 804 456 862 illud,
468 804 538 865 quod
548 803 598 850 huc
608 804 781 852 revocavimus
793 799 862 864 [ib.]:
875 802 933 864 quia
944 801 1056 852 deductas
1066 803 1096 851 ab
1106 817 1196 850 summa
1206 800 1289 850 abside

166 889 240 938 lineas
252 887 373 938 coarctari
384 885 419 935 ael
429 894 531 935 centrum
548 902 639 934 necesse
656 894 696 947 est,
713 887 774 934 sicut
789 885 813 934 in
831 886 889 934 rotis
904 885 994 936 radios.
1012 882 1111 938 Plinius
1128 887 1192 936 alter
1207 886 1250 935 lib.
1264 892 1287 935 2.

167 989 206 1037 ep.
226 977 256 1024 17
277 970 329 1034 [8]:
350 968 491 1019 Adnectitur
507 968 594 1033 anpulo
610 969 738 1019 cubiculum
760 970 784 1018 in
805 969 892 1019 absida
911 979 1041 1022 curvatum.
1070 972 1242 1035 Hieronymus
1262 971 1289 1018 in

166 1058 240 1120 epist.
259 1058 291 1104 ud
307 1055 433 1118 Ephesios
448 1052 488 1116 [2,
502 1061 525 1104 t.
538 1069 563 1118 p.
578 1057 634 1104 tts.
652 1056 709 1104 edit.
725 1052 814 1116 1616]:
830 1053 957 1118 Numquid
972 1054 1085 1104 coelorum
1102 1052 1213 1114 circulos,
1230 1069 1289 1116 quas

103 1133 114 1151 χ
165 1138 303 1203 philosophi
312 1138 427 1202 sphaeras
439 1144 530 1199 vocant,
544 1137 661 1186 transiens
672 1147 744 1201 atque
757 1137 922 1187 transcendens
937 1139 1000 1187 stetit
1016 1139 1041 1188 in
1057 1155 1145 1187 summo
1162 1137 1222 1186 coeli
1230 1139 1288 1201 for-

169 1224 220 1271 nice
238 1231 267 1282 et,
284 1230 310 1270 ut
321 1224 390 1270 aerbo
402 1222 505 1285 ipsorum
520 1229 584 1283 utar,
601 1220 698 1272 adsidet
719 1221 855 1273 Cassianus
868 1224 953 1273 collat.
967 1230 1008 1273 24.
1020 1239 1074 1287 cap.
1089 1229 1114 1272 6:
1133 1221 1164 1273 Si
1179 1221 1232 1285 quis
1247 1224 1288 1271 ab·

166 1306 227 1355 siclis
244 1322 367 1354 camaram
384 1304 462 1354 uolens
479 1304 504 1353 in
519 1305 615 1354 sublime
630 1304 774 1355 concludere.
792 1307 865 1356 Haec
881 1307 1037 1370 scripseram,
1054 1321 1112 1356 cum
1127 1307 1288 1357 viticusum

167 1393 230 1440 olim
244 1389 278 1438 ad
295 1405 409 1438 summam
421 1387 535 1454 aspidem,
554 1398 579 1440 et
590 1391 757 1440 Hermolaum
769 1399 870 1441 notasse
888 1399 999 1441 vetustos
1015 1393 1114 1440 codices
1130 1392 1225 1440 habere
1236 1392 1289 1454 api·

103 1497 107 1503 ·
166 1492 229 1536 cem,
252 1475 316 1525 forte
338 1485 424 1525 tamon
444 1475 579 1537 legendum
601 1473 717 1536 absidem,
739 1477 790 1524 hoc
810 1483 859 1536 est,
881 1483 1049 1526 curvaturam.
1081 1475 1123 1526 Sic
1143 1476 1197 1525 ille:
1218 1477 1289 1540 peius

166 1564 306 1624 elegerunt.

202 1644 260 1707 [tt‚
281 1643 323 1706 78]
347 1643 398 1694 Sed
411 1644 521 1707 pyramis
537 1641 686 1706 amplissima
702 1660 731 1691 ea
747 1643 872 1706 Arabicis]
894 1646 1050 1695 Particulam
1069 1628 1119 1695 'Sat
1135 1645 1201 1695 Gud.
1220 1646 1289 1694 Men.

166 1731 248 1779 Acad.
261 1736 286 1778 et
297 1729 441 1778 Vossianus
453 1727 578 1775 reiiciuut.

202 1811 254 1874 [17,
268 1811 311 1874 79]
330 1807 447 1860 Latitudo
463 1824 479 1856 a
494 1807 613 1863 cacumine
627 1807 700 1871 pedes
716 1770 821 1871 XXV]
839 1810 921 1859 Acad.
938 1818 963 1859 ct
975 1811 1041 1860 Gud.
1059 1809 1160 1859 latitudo
1176 1828 1205 1860 ac
1220 1829 1289 1872 cacu-

166 1898 235 1946 minis
248 1895 322 1961 pedes
337 1892 431 1945 XVII.
453 1894 557 1956 Menap.
574 1890 673 1940 laterum
690 1890 792 1940 altitudo
808 1909 838 1941 ac
855 1893 983 1942 cacuminis
996 1892 1068 1957 pedes
1085 1893 1194 1945 XVIII.
1212 1897 1287 1946 Voss.

166 1979 267 2028 altitudo
283 1996 300 2027 a
315 1976 444 2028 cacuminis
457 1993 483 2041 p.
502 1975 580 2026 XVI
591 1980 615 2034 J
635 1975 666 2025 ed
680 1975 786 2026 alterius.
812 1977 895 2040 Lege:
916 1976 1017 2027 altitudo
1033 1994 1049 2026 a
1067 1978 1186 2026 cacumine
1199 1977 1286 2042 pedum

165 2063 265 2112 sedecim
283 2062 359 2112 millia
376 2069 515 2124 semuncem,
531 2062 582 2109 sive
600 2069 697 2124 septem
710 2063 826 2125 pollices.
843 2063 921 2111 Forte
938 2062 1014 2112 etiam
1032 2060 1067 2110 ad
1082 2079 1191 2112 cacumen
1203 2079 1290 2126 usque3

166 2162 248 2210 neque
260 2149 328 2196 emm
341 2155 435 2197 temere
447 2148 574 2212 est-quod
587 2155 696 2208 quatuor
708 2147 881 2208 membranae,
894 2147 1030 2196 cacuminis.

202 2230 254 2293 [17‚
268 2230 312 2293 80]
330 2231 438 2280 Alterius
452 2228 580 2279 interualla
590 2229 686 2295 sinpula
699 2246 744 2294 per
756 2239 858 2293 quatuor
870 2230 970 2295 anpulos
984 2247 1058 2296 pares
1069 2229 1295 2283 DCCXXXVII

166 2313 372 2378 comprehendunt]
391 2316 503 2365 Rursum
516 2316 591 2365 Voss.
608 2312 833 2366 DOCXXXVII
844 2318 869 2372 J»
883 2314 1087 2380 comprehendunt.
1115 2316 1197 2366 Tertia
1214 2317 1291 2366 minor

166 2396 259 2460 quidem
268 2398 408 2462 praedictis,
420 2397 464 2448 sad
474 2398 546 2448 multo
557 2400 693 2463 spectatior.
710 2401 832 2463 Intellige
844 2416 930 2450 rursus
943 2409 1097 2464 septunoem.

111 2484 112 2491 ’
201 2481 265 2532 Car.
276 2484 352 2533 XIII.
367 2482 419 2546 [19‚
434 2481 479 2545 91]
497 2483 530 2534 Ut
540 2492 686 2533 ectcmorum
698 2499 778 2548 repum
791 2484 886 2533 vanitas
898 2500 988 2548 quoque
999 2486 1031 2533 ab
1043 2483 1115 2534 Italis
1126 2485 1289 2549 superaretur]

166 2566 241 2614 Voss.
261 2581 351 2629 quoque
362 2566 434 2617 Italis
449 2576 577 2632 superetur.
596 2570 686 2618 Forte:
704 2576 730 2616 ut
746 2576 892 2617 externorum
908 2585 988 2633 rapum
1005 2568 1100 2618 vanitas
1118 2586 1208 2633 quoque
1219 2569 1292 2618 Italis

166 2657 318 2711 spectaretur.

202 2731 255 2797 [19,
267 2733 311 2796 92]
324 2734 421 2797 Ecqua
431 2735 551 2800 pendeant
563 2746 660 2802 excepta
669 2737 768 2800 catenis]
782 2740 859 2790 Voss.
869 2747 891 2787 et
900 2746 967 2802 apto.
980 2741 1069 2805 Forte:
1079 2755 1108 2788 ex
1118 2756 1163 2804 quo
1172 2738 1292 2804 pendeant

166 2834 208 2865 ser
219 2826 279 2880 apta
291 2820 379 2866 catenis
392 2820 558 2869 tintinnabula.
577 2823 666 2872 Cicero
679 2828 702 2872 5.
721 2824 824 2874 Tuscul.
840 2822 892 2885 [21‚
907 2822 963 2885 62]:
980 2823 1011 2873 In
1023 2823 1066 2873 hoc
1077 2822 1154 2874 medio
1166 2832 1291 2889 apparatu

162 2900 297 2964 sulpentem
312 2900 420 2964 alodium
437 2919 449 2950 e
465 2902 741 2967 lacunariaetaequina
760 2914 840 2969 aptum
858 2906 949 2954 demitti
964 2907 1039 2963 iussit.
1066 2909 1199 2960 Lucretius
1216 2908 1291 2958 litut

173 2983 242 3044 [829.
255 2981 386 3044 Lachm.]:

370 3068 481 3118 Brachia
495 3079 543 3118 tum
552 3087 625 3134 porro
638 3070 728 3120 validis
740 3088 769 3120 ea
781 3079 841 3135 apta
853 3071 948 3120 lacertis

369 3152 439 3202 Esse.

201 3239 266 3288 Car.
280 3237 355 3288 XIV.
369 3236 421 3300 [21‚
436 3237 480 3300 96]
505 3239 537 3289 Ut
546 3240 631 3288 sensim
644 3248 716 3289 totum
728 3239 852 3303 insideret]
871 3242 952 3292 Aced.
965 3243 1036 3292 Men.
1049 3250 1075 3291 et
1086 3241 1152 3292 Gud.
1165 3249 1191 3290 ut
1206 3242 1291 3292 sensim

169 3330 244 3370 iratus
257 3321 281 3370 in
294 3320 350 3370 colle
362 3320 458 3371 sederet.
471 3322 545 3372 Voss.
558 3330 585 3371 ut
595 3323 733 3374 sensimotus
744 3325 768 3373 in
780 3323 828 3373 cole
839 3323 937 3375 sederet.
954 3325 1036 3388 Lege:
1053 3332 1080 3373 ut
1095 3324 1180 3373 sensim
1192 3341 1251 3388 opus
1267 3326 1291 3375 in
1305 3339 1353 3382 845

167 3405 240 3455 cubili
249 3405 348 3455 sederet.
366 3407 433 3456 Mox
445 3405 632 3456 onimrEtenim
645 3424 674 3457 ea
685 3410 791 3458 maxima
802 3408 944 3473 molesfuit:
955 3426 996 3459 nec
1007 3408 1068 3458 sedit
1079 3408 1103 3458 in
1115 3408 1192 3458 cubili.
1205 3411 1291 3460 Possis

167 3491 247 3540 etiam
259 3493 344 3554 legere
356 3490 442 3539 sensim
454 3489 533 3542 moles.

202 3573 259 3636 [21.
279 3573 322 3636 97]
341 3574 474 3639 Atqtteita
485 3584 581 3640 postero
598 3576 636 3626 die
653 3577 768 3642 apparuit
784 3577 935 3643 pondereque
951 3579 1002 3644 ipso
1024 3587 1140 3628 correctus
1160 3577 1290 3629 uidebatur.

170 3657 282 3721 Caetera]
306 3661 445 3725 Hucusque
463 3661 617 3711 admirabilis
633 3663 677 3711 ille
687 3663 769 3729 ¹Plinii
786 3664 954 3728 Aesculapius
969 3664 1034 3713 liber
1050 3678 1145 3726 magno
1162 3673 1249 3714 nostro
1267 3674 1291 3712 et

168 3745 278 3793 auctoris
291 3747 384 3795 damno
397 3746 511 3795 mutilus.
529 3745 633 3795 Initium
646 3745 747 3796 luerunt
762 3748 821 3796 libri
835 3754 874 3798 20.
887 3753 984 3813 cup.17
997 3746 1049 3810 [72.
1063 3746 1122 3809 186]
1141 3751 1219 3798 verba
1231 3750 1290 3798 ista:

166 3826 249 3889 eripuo
261 3843 315 3876 moa
327 3830 380 3879 vim
397 3828 513 3879 collatum.
532 3828 619 3877 vultum
637 3829 750 3879 iuniorem
765 3839 883 3895 praestat.
902 3832 1037 3882 Caeterum
1053 3847 1085 3882 ne
1098 3834 1125 3882 in
1136 3834 1176 3882 his
1188 3834 1289 3895 quidem

166 3913 300 3972 postremis
317 3916 413 3964 otiosus
431 3923 476 3975 est,
498 3915 543 3977 qui
559 3916 664 3965 hebeat·
685 3923 756 3978 atque
773 3915 809 3964 ita
825 3924 945 3980 poteratut
962 3916 1078 3981 apparuit
1094 3916 1225 3981 pondere'
1215 3932 1291 3965 mcor-

167 4000 250 4054 ruptus
266 3992 391 4045 videbatur
408 4006 492 4047 cetera.
516 4000 607 4048 Voluit
624 4014 671 4049 nos
689 4000 784 4063 legere.
806 4008 875 4063 atque
891 4000 926 4049 ita
939 4009 1037 4064 postera
1053 3999 1103 4049 luce
1120 4000 1246 4107 apparuit,
1269 4009 1292 4048 et

164 4074 290 4136 pondere
280 4092 331 4139 tpso
343 4089 458 4129 correctus
470 4080 603 4131 uidebatur.

201 4160 265 4208 Car.
282 4161 341 4209 XV.
363 4158 420 4222 [24‚
439 4161 498 4226 tou]
525 4163 581 4213 Cum
603 4165 731 4214 theatrum
739 4176 794 4217 ante
816 4169 900 4217 texerit
915 4168 1008 4218 Romae
1032 4167 1143 4219 Valerius
1163 4167 1288 4232 Ostiensis]

166 4243 247 4292 Acad.
261 4251 285 4292 et
298 4243 364 4292 Gud.
381 4244 495 4296 Oscensis
514 4264 547 4299 ex
559 4251 763 4315 Hispaniaputo.
782 4254 851 4303 Meu.
869 4253 979 4304 Ostensis.
