2918 4794
598 252 842 297 Pnomdouuun.
1253 258 1286 297 1x

167 400 268 466 biblia
295 423 398 478 sacra,
427 400 549 487 quippe
571 399 626 484 qui
653 400 948 487 interpretationem
977 401 1154 487 scripturae
1177 424 1287 468 sacrae

167 511 304 577 maxime
327 511 486 575 iuvarent.

210 619 303 702 Quae
325 644 397 686 cum
419 621 464 685 ita
486 621 560 699 sint,
590 620 684 686 facile
712 620 906 686 concedetur
926 621 1108 708 fragmenta
1128 621 1286 698 Pliniana,

168 752 250 814 quae
273 732 500 797 commentario
515 730 708 815 Hieronymi
723 730 835 797 cedere
858 730 1048 809 debuerunt,
1070 731 1200 796 Verona
1214 733 1286 796 Au-

167 840 254 925 giam
277 841 430 907 translata
452 863 531 907 esse.

687 1118 702 1199 a
736 1117 765 1178 a.

438 1257 486 1306 DE
504 1255 767 1307 RESTITUTIONE
785 1255 1016 1307 SCRIPTURAE.

209 1385 354 1451 Primum
381 1397 530 1452 conatum
559 1387 686 1474 legendi
718 1386 915 1472 palimpsesti
946 1385 1120 1451 monachus
1155 1385 1286 1468 quidam

169 1493 282 1561 Sancti
304 1496 407 1562 Blasii
428 1496 555 1561 XVIII
577 1497 703 1564 saeculo
725 1497 811 1562 fecit.
847 1495 915 1578 Qui
944 1519 1017 1562 cum
1039 1495 1223 1560 adiumenta
1244 1494 1285 1559 ab

167 1617 234 1670 arte
257 1606 400 1672 chemica
420 1629 484 1672 non
506 1607 650 1685 haberet,
673 1607 744 1672 illos
760 1618 884 1672 tantum
896 1605 985 1672 locos
1006 1605 1183 1692 indagavit,
1204 1627 1285 1689 quo-

167 1740 238 1781 rum
263 1716 399 1805 vestigia
421 1719 599 1803 scripturae
619 1717 702 1783 flavo
718 1717 822 1782 colore
836 1719 870 1782 in
884 1715 1069 1782 membrana
1086 1725 1285 1801 supererant.

167 1826 351 1913 Exscripsit
384 1828 463 1892 haec
495 1827 563 1892 sola
588 1826 675 1892 Plini
703 1827 802 1892 verba
830 1848 862 1911 p.
892 1820 932 1892 57
961 1849 994 1890 n.
1023 1824 1074 1891 ed.
1106 1823 1230 1912 [cr]Ro
1260 1836 1288 1888 et

91 1960 104 1967 ·
168 1938 312 2001 omnibus
334 1940 427 2002 anaia
448 1939 570 2002 volutio
593 1939 759 2003 saturnino
782 1948 842 2002 cet.
871 1935 1005 2001 Praeter
1024 1935 1086 2000 hoc
1107 1935 1287 2021 periculum

166 2046 314 2111 monachi
336 2043 448 2112 Sancti
470 2047 573 2112 Blasii
600 2070 705 2131 neque
733 2046 826 2112 nobis
856 2069 933 2112 cura
960 2045 1020 2110 viri
1042 2044 1177 2110 alicuius
1199 2044 1287 2109 docti

166 2155 313 2234 innotuit,
340 2157 397 2241 qui
423 2156 565 2222 codicem
593 2157 678 2221 hunc
705 2159 897 2236 tractaverit,
926 2178 1031 2240 neque
1060 2156 1189 2241 uspiam
1210 2154 1288 2219 alibi

166 2265 359 2329 mentionem
378 2264 475 2329 huius
496 2266 695 2352 palimpsesti
717 2268 835 2331 factam
857 2267 1078 2352 cognovimus.

220 2372 335 2438 Veteri
368 2372 545 2458 scripturae
576 2376 622 2438 ita
648 2376 866 2454 renovandae,
900 2388 936 2439 ut
960 2377 1027 2464 legi
1054 2387 1179 2462 posset,
1218 2397 1286 2439 am-

166 2482 308 2547 monium
334 2482 664 2570 hydrosulphuratum
692 2485 896 2551 adhibuimus
924 2485 1094 2571 (formulae
1127 2483 1288 2550 chemicae

165 2591 197 2656 N
205 2593 285 2657 2Η8
300 2590 339 2657 S·
363 2616 448 2679 aqua
468 2594 518 2680 x),
541 2616 605 2679 quo
627 2595 831 2661 membranae
854 2619 917 2662 non
938 2596 1120 2661 laeduntur.
1156 2596 1203 2660 At
1224 2617 1288 2660 non

164 2703 199 2768 in
226 2704 376 2770 omnibus
402 2703 483 2770 locis
511 2705 589 2770 satis
615 2705 728 2770 efficax
753 2704 814 2771 hoc
842 2706 1062 2771 adiumentum
1084 2706 1210 2791 experti
1232 2728 1286 2771 su-

164 2837 251 2893 mus,
284 2837 383 2899 quare
412 2825 443 2879 et
471 2815 644 2880 tincturam
673 2813 897 2881 Giobertinam
924 2817 1094 2902 (formulae
1127 2816 1287 2882 chemicae

167 2922 245 3008 ny
269 2930 307 3003 -l-
330 2929 350 2990 2
372 2925 407 2990 Κ
429 2926 481 2990 vel
504 2923 604 3009 CyK
628 2931 666 3004 -l-
692 2923 750 3009 Cy
770 2927 839 3011 Fe)
868 2926 1054 2991 admisimus
1085 2927 1287 2992 coniunctam

166 3056 238 3098 cum
260 3033 315 3098 illo
337 3036 377 3100 de
399 3056 463 3119 quc
484 3045 558 3099 ante
581 3035 720 3101 diximus
742 3036 894 3114 remedio,
916 3059 980 3120 quo
1002 3037 1188 3102 membrana
1210 3058 1287 3101 con-

168 3153 358 3207 servaretur.

209 3251 334 3317 Temos
363 3262 470 3317 autem
495 3253 635 3319 initiales
662 3276 773 3319 versus
795 3255 909 3321 indicis
937 3255 1010 3322 libri
1031 3254 1114 3320 XII.
1136 3280 1169 3342 p.
1194 3256 1233 3321 79
1256 3267 1289 3322 et

165 3362 239 3428 libri
252 3361 350 3428 XIV.
365 3387 398 3450 p.
415 3363 486 3442 183,
509 3363 582 3429 libri
597 3363 678 3430 XV.
698 3388 730 3451 p.
749 3366 811 3430 229
825 3388 857 3429 n.
873 3366 933 3444 ed,
956 3367 1012 3451 qui
1028 3365 1125 3432 rubro
1143 3390 1160 3432 e
1178 3368 1288 3453 planta

165 3473 305 3558 quadam
326 3484 518 3560 praeparato
541 3476 646 3540 colore
665 3476 789 3541 exarati
804 3487 888 3554 sunt,
911 3477 998 3543 nullo
1013 3478 1197 3542 adiumento
1212 3478 1287 3543 che-

165 3584 247 3649 mioo
268 3595 449 3649 restaurare
471 3585 646 3671 potuimus.

209 3691 293 3760 Cum
320 3717 432 3760 versus
459 3695 582 3781 primae
612 3708 644 3760 et
674 3699 835 3764 secundae
862 3699 1040 3786 scripturae
1067 3699 1181 3765 codem
1209 3699 1286 3764 diri·

166 3816 304 3890 gantur,
342 3805 426 3869 foliis
462 3803 619 3870 Plinianis
655 3808 769 3892 partim
806 3809 963 3886 inversis,
1000 3821 1036 3874 ut
1073 3811 1127 3874 fol.
1166 3811 1226 3874 69¹³
1254 3833 1286 3897 p.

168 3914 239 3978 139.
258 3915 317 3980 138
335 3974 365 3996 υ
381 3915 434 3980 fol.
451 3917 513 3978 74¹³
535 3939 567 4001 p.
586 3917 655 3980 149.
674 3917 734 3980 148
755 3918 824 3983 cod.
841 3917 984 4003 (signum
999 3978 1031 4002 υ
1049 3920 1195 3984 soliorum
1218 3944 1286 3987 me-

167 4024 291 4088 diorum
314 4025 535 4112 compaginem
557 4024 703 4111 indicat),
732 4027 832 4092 altera
854 4028 985 4094 alteram
1008 4029 1125 4095 lineam
1148 4041 1286 4119 tegente,
