<?xml version="1.0" encoding="UTF-8"?>
<!DOCTYPE html PUBLIC "-//W3C//DTD XHTML 1.0 Transitional//EN"
    "http://www.w3.org/TR/xhtml1/DTD/xhtml1-transitional.dtd">
<html xmlns="http://www.w3.org/1999/xhtml" xml:lang="en" lang="en">
 <head>
  <title>
</title>
<meta http-equiv="Content-Type" content="text/html;charset=utf-8" />
  <meta name='ocr-system' content='tesseract 3.04.00' />
  <meta name='ocr-capabilities' content='ocr_page ocr_carea ocr_par ocr_line ocrx_word'/>
</head>
<body>
  <div class='ocr_page' id='page_1' title='image "./cplinisecundina14plingoog_0396.png"; bbox 0 0 2918 4794; ppageno 0'>
   <div class='ocr_carea' id='block_1_1' title="bbox 460 291 1289 357">
    <p class='ocr_par' dir='ltr' id='par_1_1' title="bbox 460 291 1289 357">
     <span class='ocr_line' id='line_1_1' title="bbox 460 291 1289 357; baseline -0.002 0"><span class='ocrx_word' id='word_1_1' title='bbox 460 314 566 357; x_wconf 75' lang='lat' dir='ltr'><strong>uonna</strong></span> <span class='ocrx_word' id='word_1_2' title='bbox 582 312 625 354; x_wconf 74' lang='lat' dir='ltr'><strong>an</strong></span> <span class='ocrx_word' id='word_1_3' title='bbox 641 312 993 355; x_wconf 79' lang='lat' dir='ltr'><strong>LIBR.xxxl11.xxxlv.</strong></span> <span class='ocrx_word' id='word_1_4' title='bbox 1249 291 1289 355; x_wconf 87' lang='lat'><strong>85</strong></span> 
     </span>
    </p>
   </div>
   <div class='ocr_carea' id='block_1_2' title="bbox 163 434 1358 528">
    <p class='ocr_par' dir='ltr' id='par_1_2' title="bbox 163 434 1358 528">
     <span class='ocr_line' id='line_1_2' title="bbox 163 434 1358 528; baseline -0.006 -9"><span class='ocrx_word' id='word_1_5' title='bbox 163 468 249 520; x_wconf 82' lang='lat' dir='ltr'><strong>damis</strong></span> <span class='ocrx_word' id='word_1_6' title='bbox 259 473 349 517; x_wconf 73' lang='grc'><strong>666661</strong></span> <span class='ocrx_word' id='word_1_7' title='bbox 361 466 506 515; x_wconf 84' lang='lat' dir='ltr'><strong>voluerunt.</strong></span> <span class='ocrx_word' id='word_1_8' title='bbox 517 466 560 515; x_wconf 84' lang='lat' dir='ltr'><strong>lix</strong></span> <span class='ocrx_word' id='word_1_9' title='bbox 571 463 694 513; x_wconf 87' lang='lat' dir='ltr'><strong>Inserend.</strong></span> <span class='ocrx_word' id='word_1_10' title='bbox 707 480 733 528; x_wconf 87' lang='lat' dir='ltr'><strong>p.</strong></span> <span class='ocrx_word' id='word_1_11' title='bbox 745 461 816 524; x_wconf 80' lang='grc'><strong>846]</strong></span> <span class='ocrx_word' id='word_1_12' title='bbox 835 464 911 512; x_wconf 83' lang='grc' dir='ltr'><strong>Η666</strong></span> <span class='ocrx_word' id='word_1_13' title='bbox 927 463 1011 513; x_wconf 91' lang='lat' dir='ltr'><strong>locum</strong></span> <span class='ocrx_word' id='word_1_14' title='bbox 1029 464 1155 526; x_wconf 88' lang='lat' dir='ltr'><strong>reliquum</strong></span> <span class='ocrx_word' id='word_1_15' title='bbox 1168 463 1290 528; x_wconf 85' lang='lat' dir='ltr'><strong>explicui·</strong></span> <span class='ocrx_word' id='word_1_16' title='bbox 1353 434 1358 467; x_wconf 45' lang='grc' dir='ltr'>ι</span> 
     </span>
    </p>
   </div>
   <div class='ocr_carea' id='block_1_3' title="bbox 155 549 1379 4323">
    <p class='ocr_par' dir='ltr' id='par_1_3' title="bbox 164 549 659 611">
     <span class='ocr_line' id='line_1_3' title="bbox 164 549 659 611; baseline -0.008 -9"><span class='ocrx_word' id='word_1_17' title='bbox 164 567 222 602; x_wconf 87' lang='lat' dir='ltr'><strong>mus</strong></span> <span class='ocrx_word' id='word_1_18' title='bbox 233 553 262 602; x_wconf 90' lang='lat' dir='ltr'><strong>in</strong></span> <span class='ocrx_word' id='word_1_19' title='bbox 272 551 400 602; x_wconf 78' lang='lat' dir='ltr'><strong>Pecuniae</strong></span> <span class='ocrx_word' id='word_1_20' title='bbox 411 549 514 600; x_wconf 80' lang='lat' dir='ltr'><strong>Veteris</strong></span> <span class='ocrx_word' id='word_1_21' title='bbox 527 554 551 611; x_wconf 83' lang='lat'><strong>4,</strong></span> <span class='ocrx_word' id='word_1_22' title='bbox 564 556 587 611; x_wconf 83' lang='lat'><strong>8,</strong></span> <span class='ocrx_word' id='word_1_23' title='bbox 601 555 659 601; x_wconf 88' lang='grc'><strong>666.</strong></span> 
     </span>
    </p>

    <p class='ocr_par' dir='ltr' id='par_1_4' title="bbox 163 629 1291 869">
     <span class='ocr_line' id='line_1_4' title="bbox 199 629 1290 697; baseline -0.008 -10"><span class='ocrx_word' id='word_1_24' title='bbox 199 635 265 688; x_wconf 66' lang='grc'><strong>(112.</strong></span> <span class='ocrx_word' id='word_1_25' title='bbox 281 635 316 684; x_wconf 90' lang='lat' dir='ltr'><strong>V.</strong></span> <span class='ocrx_word' id='word_1_26' title='bbox 335 633 394 697; x_wconf 92' lang='lat'><strong>[10,</strong></span> <span class='ocrx_word' id='word_1_27' title='bbox 414 632 456 696; x_wconf 85' lang='grc'><strong>19]</strong></span> <span class='ocrx_word' id='word_1_28' title='bbox 480 632 611 697; x_wconf 84' lang='lat' dir='ltr'><strong>Equestres</strong></span> <span class='ocrx_word' id='word_1_29' title='bbox 626 633 708 697; x_wconf 89' lang='lat' dir='ltr'><strong>utique</strong></span> <span class='ocrx_word' id='word_1_30' title='bbox 727 640 822 681; x_wconf 87' lang='lat' dir='ltr'><strong>statuae</strong></span> <span class='ocrx_word' id='word_1_31' title='bbox 837 632 974 682; x_wconf 70' lang='grc'><strong>1666166666</strong></span> <span class='ocrx_word' id='word_1_32' title='bbox 994 631 1171 681; x_wconf 79' lang='lat' dir='ltr'><strong>celebrationem</strong></span> <span class='ocrx_word' id='word_1_33' title='bbox 1192 629 1290 692; x_wconf 84' lang='lat' dir='ltr'><strong>babent]</strong></span> 
     </span>
     <span class='ocr_line' id='line_1_5' title="bbox 165 715 1291 782; baseline -0.006 -10"><span class='ocrx_word' id='word_1_34' title='bbox 165 721 248 773; x_wconf 81' lang='lat' dir='ltr'><strong>Acad.</strong></span> <span class='ocrx_word' id='word_1_35' title='bbox 265 720 334 771; x_wconf 85' lang='lat' dir='ltr'><strong>Gnd.</strong></span> <span class='ocrx_word' id='word_1_36' title='bbox 351 720 421 769; x_wconf 89' lang='lat' dir='ltr'><strong>Men.</strong></span> <span class='ocrx_word' id='word_1_37' title='bbox 437 717 568 782; x_wconf 79' lang='lat' dir='ltr'><strong>Equestres</strong></span> <span class='ocrx_word' id='word_1_38' title='bbox 583 733 638 767; x_wconf 85' lang='lat' dir='ltr'><strong>vero</strong></span> <span class='ocrx_word' id='word_1_39' title='bbox 654 725 757 767; x_wconf 86' lang='lat' dir='ltr'><strong>statuae.</strong></span> <span class='ocrx_word' id='word_1_40' title='bbox 784 718 860 767; x_wconf 86' lang='lat' dir='ltr'><strong>Voss.</strong></span> <span class='ocrx_word' id='word_1_41' title='bbox 878 715 1008 779; x_wconf 84' lang='lat' dir='ltr'><strong>Equestres</strong></span> <span class='ocrx_word' id='word_1_42' title='bbox 1025 716 1104 778; x_wconf 86' lang='lat' dir='ltr'><strong>utique</strong></span> <span class='ocrx_word' id='word_1_43' title='bbox 1124 731 1185 766; x_wconf 88' lang='lat' dir='ltr'><strong>uero.</strong></span> <span class='ocrx_word' id='word_1_44' title='bbox 1211 716 1291 779; x_wconf 86' lang='lat' dir='ltr'><strong>Lege:</strong></span> 
     </span>
     <span class='ocr_line' id='line_1_6' title="bbox 163 803 573 869; baseline -0.007 -15"><span class='ocrx_word' id='word_1_45' title='bbox 163 804 296 869; x_wconf 66' lang='grc'><strong>1666166666</strong></span> <span class='ocrx_word' id='word_1_46' title='bbox 306 803 392 866; x_wconf 89' lang='lat' dir='ltr'><strong>ubique</strong></span> <span class='ocrx_word' id='word_1_47' title='bbox 407 803 459 866; x_wconf 80' lang='lat' dir='ltr'><strong>fere</strong></span> <span class='ocrx_word' id='word_1_48' title='bbox 471 811 573 852; x_wconf 75' lang='lat' dir='ltr'><strong>statuae.</strong></span> 
     </span>
    </p>

    <p class='ocr_par' dir='ltr' id='par_1_5' title="bbox 200 883 1291 952">
     <span class='ocr_line' id='line_1_7' title="bbox 200 883 1291 952; baseline -0.006 -12"><span class='ocrx_word' id='word_1_49' title='bbox 200 887 254 952; x_wconf 92' lang='grc'><strong>[11,</strong></span> <span class='ocrx_word' id='word_1_50' title='bbox 267 886 312 949; x_wconf 92' lang='grc'><strong>21]</strong></span> <span class='ocrx_word' id='word_1_51' title='bbox 331 886 467 937; x_wconf 86' lang='lat' dir='ltr'><strong>Praeclara</strong></span> <span class='ocrx_word' id='word_1_52' title='bbox 478 903 522 947; x_wconf 86' lang='lat' dir='ltr'><strong>res,</strong></span> <span class='ocrx_word' id='word_1_53' title='bbox 540 887 589 936; x_wconf 75' lang='lat' dir='ltr'><strong>nui</strong></span> <span class='ocrx_word' id='word_1_54' title='bbox 596 885 698 950; x_wconf 64' lang='lat' dir='ltr'><strong>friuola</strong></span> <span class='ocrx_word' id='word_1_55' title='bbox 709 886 821 950; x_wconf 81' lang='lat' dir='ltr'><strong>coepisset</strong></span> <span class='ocrx_word' id='word_1_56' title='bbox 832 883 919 947; x_wconf 86' lang='lat' dir='ltr'><strong>initiis]</strong></span> <span class='ocrx_word' id='word_1_57' title='bbox 939 887 1015 936; x_wconf 90' lang='lat' dir='ltr'><strong>Voss.</strong></span> <span class='ocrx_word' id='word_1_58' title='bbox 1029 894 1057 936; x_wconf 86' lang='lat' dir='ltr'><strong>et</strong></span> <span class='ocrx_word' id='word_1_59' title='bbox 1069 886 1136 937; x_wconf 85' lang='lat' dir='ltr'><strong>Gud.</strong></span> <span class='ocrx_word' id='word_1_60' title='bbox 1148 886 1175 934; x_wconf 88' lang='lat' dir='ltr'><strong>ni</strong></span> <span class='ocrx_word' id='word_1_61' title='bbox 1184 883 1291 950; x_wconf 69' lang='lat' dir='ltr'><strong>friuolis.</strong></span> 
     </span>
    </p>

    <p class='ocr_par' dir='ltr' id='par_1_6' title="bbox 161 968 1355 1876">
     <span class='ocr_line' id='line_1_8' title="bbox 201 968 1355 1036; baseline -0.004 -13"><span class='ocrx_word' id='word_1_62' title='bbox 201 971 263 1036; x_wconf 68' lang='grc'><strong>[116]</strong></span> <span class='ocrx_word' id='word_1_63' title='bbox 282 971 394 1034; x_wconf 81' lang='lat' dir='ltr'><strong>Namque</strong></span> <span class='ocrx_word' id='word_1_64' title='bbox 410 979 433 1019; x_wconf 87' lang='lat' dir='ltr'><strong>et</strong></span> <span class='ocrx_word' id='word_1_65' title='bbox 448 969 517 1019; x_wconf 84' lang='lat' dir='ltr'><strong>Aetli</strong></span> <span class='ocrx_word' id='word_1_66' title='bbox 531 970 610 1021; x_wconf 85' lang='lat' dir='ltr'><strong>Nouii</strong></span> <span class='ocrx_word' id='word_1_67' title='bbox 625 978 707 1019; x_wconf 85' lang='lat' dir='ltr'><strong>statua</strong></span> <span class='ocrx_word' id='word_1_68' title='bbox 721 969 776 1034; x_wconf 87' lang='lat' dir='ltr'><strong>suit</strong></span> <span class='ocrx_word' id='word_1_69' title='bbox 795 977 850 1019; x_wconf 90' lang='lat' dir='ltr'><strong>ante</strong></span> <span class='ocrx_word' id='word_1_70' title='bbox 867 968 969 1033; x_wconf 86' lang='lat' dir='ltr'><strong>curiam]</strong></span> <span class='ocrx_word' id='word_1_71' title='bbox 990 972 1065 1021; x_wconf 87' lang='lat' dir='ltr'><strong>Voss.</strong></span> <span class='ocrx_word' id='word_1_72' title='bbox 1084 970 1184 1019; x_wconf 78' lang='lat' dir='ltr'><strong>atinati.</strong></span> <span class='ocrx_word' id='word_1_73' title='bbox 1207 969 1250 1021; x_wconf 83' lang='lat' dir='ltr'><strong>sic</strong></span> <span class='ocrx_word' id='word_1_74' title='bbox 1267 977 1292 1019; x_wconf 93' lang='lat' dir='ltr'><strong>et</strong></span> <span class='ocrx_word' id='word_1_75' title='bbox 1306 981 1355 1026; x_wconf 77' lang='lat'><strong>824</strong></span> 
     </span>
     <span class='ocr_line' id='line_1_9' title="bbox 165 1053 1292 1119; baseline -0.002 -13"><span class='ocrx_word' id='word_1_76' title='bbox 165 1071 236 1117; x_wconf 84' lang='lat' dir='ltr'><strong>mox,</strong></span> <span class='ocrx_word' id='word_1_77' title='bbox 252 1054 297 1104; x_wconf 86' lang='lat' dir='ltr'><strong>bas</strong></span> <span class='ocrx_word' id='word_1_78' title='bbox 307 1063 330 1104; x_wconf 87' lang='lat' dir='ltr'><strong>ct</strong></span> <span class='ocrx_word' id='word_1_79' title='bbox 341 1055 452 1104; x_wconf 80' lang='lat' dir='ltr'><strong>attineri.</strong></span> <span class='ocrx_word' id='word_1_80' title='bbox 476 1055 563 1106; x_wconf 83' lang='lat' dir='ltr'><strong>Scribe</strong></span> <span class='ocrx_word' id='word_1_81' title='bbox 579 1057 726 1119; x_wconf 81' lang='lat' dir='ltr'><strong>utrobique:</strong></span> <span class='ocrx_word' id='word_1_82' title='bbox 743 1054 798 1103; x_wconf 87' lang='lat' dir='ltr'><strong>Atti</strong></span> <span class='ocrx_word' id='word_1_83' title='bbox 807 1053 893 1104; x_wconf 84' lang='lat' dir='ltr'><strong>Nouii.</strong></span> <span class='ocrx_word' id='word_1_84' title='bbox 916 1055 974 1104; x_wconf 90' lang='lat' dir='ltr'><strong>Hoc</strong></span> <span class='ocrx_word' id='word_1_85' title='bbox 986 1056 1054 1104; x_wconf 90' lang='lat' dir='ltr'><strong>enim</strong></span> <span class='ocrx_word' id='word_1_86' title='bbox 1072 1069 1166 1105; x_wconf 91' lang='lat' dir='ltr'><strong>nomen</strong></span> <span class='ocrx_word' id='word_1_87' title='bbox 1183 1055 1292 1104; x_wconf 89' lang='lat' dir='ltr'><strong>hominis</strong></span> 
     </span>
     <span class='ocr_line' id='line_1_10' title="bbox 164 1136 1293 1202; baseline -0.004 -12"><span class='ocrx_word' id='word_1_88' title='bbox 164 1139 223 1202; x_wconf 82' lang='lat' dir='ltr'><strong>tuit,</strong></span> <span class='ocrx_word' id='word_1_89' title='bbox 234 1138 306 1190; x_wconf 84' lang='lat' dir='ltr'><strong>Attus</strong></span> <span class='ocrx_word' id='word_1_90' title='bbox 317 1139 421 1191; x_wconf 82' lang='lat' dir='ltr'><strong>Nauius.</strong></span> <span class='ocrx_word' id='word_1_91' title='bbox 438 1141 557 1191; x_wconf 83' lang='lat' dir='ltr'><strong>Valerius</strong></span> <span class='ocrx_word' id='word_1_92' title='bbox 573 1142 704 1190; x_wconf 78' lang='lat' dir='ltr'><strong>Maximus</strong></span> <span class='ocrx_word' id='word_1_93' title='bbox 714 1140 759 1190; x_wconf 89' lang='lat' dir='ltr'><strong>lib.</strong></span> <span class='ocrx_word' id='word_1_94' title='bbox 775 1147 796 1202; x_wconf 85' lang='lat'><strong>1,</strong></span> <span class='ocrx_word' id='word_1_95' title='bbox 810 1145 826 1188; x_wconf 84' lang='lat'>4</span> <span class='ocrx_word' id='word_1_96' title='bbox 839 1137 892 1202; x_wconf 91' lang='lat' dir='ltr'><strong>[l]:</strong></span> <span class='ocrx_word' id='word_1_97' title='bbox 914 1136 971 1189; x_wconf 93' lang='lat' dir='ltr'><strong>Cum</strong></span> <span class='ocrx_word' id='word_1_98' title='bbox 989 1141 1020 1188; x_wconf 92' lang='lat' dir='ltr'><strong>ab</strong></span> <span class='ocrx_word' id='word_1_99' title='bbox 1030 1138 1090 1189; x_wconf 78' lang='lat' dir='ltr'><strong>Atto</strong></span> <span class='ocrx_word' id='word_1_100' title='bbox 1102 1139 1186 1190; x_wconf 90' lang='lat' dir='ltr'><strong>Nauio</strong></span> <span class='ocrx_word' id='word_1_101' title='bbox 1203 1154 1293 1202; x_wconf 86' lang='lat' dir='ltr'><strong>auqure</strong></span> 
     </span>
     <span class='ocr_line' id='line_1_11' title="bbox 161 1222 1292 1287; baseline 0.001 -16"><span class='ocrx_word' id='word_1_102' title='bbox 161 1222 335 1287; x_wconf 75' lang='lat' dir='ltr'><strong>pmbiberctur.</strong></span> <span class='ocrx_word' id='word_1_103' title='bbox 360 1225 403 1276; x_wconf 91' lang='lat' dir='ltr'><strong>Sic</strong></span> <span class='ocrx_word' id='word_1_104' title='bbox 419 1225 564 1275; x_wconf 83' lang='lat' dir='ltr'><strong>notavimus</strong></span> <span class='ocrx_word' id='word_1_105' title='bbox 579 1227 606 1274; x_wconf 92' lang='lat' dir='ltr'><strong>in</strong></span> <span class='ocrx_word' id='word_1_106' title='bbox 627 1225 787 1274; x_wconf 85' lang='lat' dir='ltr'><strong>membranis.</strong></span> <span class='ocrx_word' id='word_1_107' title='bbox 809 1225 877 1274; x_wconf 87' lang='lat' dir='ltr'><strong>Vide</strong></span> <span class='ocrx_word' id='word_1_108' title='bbox 894 1225 927 1273; x_wconf 88' lang='lat' dir='ltr'><strong>ad</strong></span> <span class='ocrx_word' id='word_1_109' title='bbox 942 1225 1008 1274; x_wconf 81' lang='lat' dir='ltr'><strong>Livii</strong></span> <span class='ocrx_word' id='word_1_110' title='bbox 1023 1224 1068 1274; x_wconf 93' lang='lat' dir='ltr'><strong>lib.</strong></span> <span class='ocrx_word' id='word_1_111' title='bbox 1084 1230 1110 1284; x_wconf 92' lang='grc'><strong>1,</strong></span> <span class='ocrx_word' id='word_1_112' title='bbox 1128 1230 1169 1275; x_wconf 85' lang='grc'><strong>66.</strong></span> <span class='ocrx_word' id='word_1_113' title='bbox 1192 1223 1292 1274; x_wconf 89' lang='lat' dir='ltr'><strong>Mentio</strong></span> 
     </span>
     <span class='ocr_line' id='line_1_12' title="bbox 165 1305 1293 1371; baseline -0.002 -14"><span class='ocrx_word' id='word_1_114' title='bbox 165 1308 278 1357; x_wconf 83' lang='lat' dir='ltr'><strong>eiusdem</strong></span> <span class='ocrx_word' id='word_1_115' title='bbox 290 1310 359 1371; x_wconf 86' lang='lat' dir='ltr'><strong>apud</strong></span> <span class='ocrx_word' id='word_1_116' title='bbox 375 1314 492 1358; x_wconf 91' lang='lat' dir='ltr'><strong>nostrum</strong></span> <span class='ocrx_word' id='word_1_117' title='bbox 509 1308 552 1358; x_wconf 89' lang='lat' dir='ltr'><strong>lib.</strong></span> <span class='ocrx_word' id='word_1_118' title='bbox 568 1313 607 1368; x_wconf 87' lang='grc'><strong>16,</strong></span> <span class='ocrx_word' id='word_1_119' title='bbox 623 1313 652 1356; x_wconf 87' lang='grc'><strong>16</strong></span> <span class='ocrx_word' id='word_1_120' title='bbox 667 1305 719 1368; x_wconf 88' lang='grc'><strong>[20,</strong></span> <span class='ocrx_word' id='word_1_121' title='bbox 733 1305 786 1369; x_wconf 87' lang='grc'><strong>77],</strong></span> <span class='ocrx_word' id='word_1_122' title='bbox 798 1308 841 1356; x_wconf 90' lang='lat' dir='ltr'><strong>ubi</strong></span> <span class='ocrx_word' id='word_1_123' title='bbox 858 1308 995 1370; x_wconf 85' lang='lat' dir='ltr'><strong>legendum</strong></span> <span class='ocrx_word' id='word_1_124' title='bbox 1014 1322 1117 1358; x_wconf 90' lang='lat' dir='ltr'><strong>censeo:</strong></span> <span class='ocrx_word' id='word_1_125' title='bbox 1137 1307 1250 1370; x_wconf 78' lang='lat' dir='ltr'><strong>tanquam</strong></span> <span class='ocrx_word' id='word_1_126' title='bbox 1267 1307 1293 1356; x_wconf 90' lang='lat' dir='ltr'><strong>in</strong></span> 
     </span>
     <span class='ocr_line' id='line_1_13' title="bbox 166 1389 1294 1456; baseline -0.002 -14"><span class='ocrx_word' id='word_1_127' title='bbox 166 1391 286 1442; x_wconf 84' lang='lat' dir='ltr'><strong>comitium</strong></span> <span class='ocrx_word' id='word_1_128' title='bbox 302 1399 384 1456; x_wconf 85' lang='lat' dir='ltr'><strong>sponte</strong></span> <span class='ocrx_word' id='word_1_129' title='bbox 406 1393 529 1441; x_wconf 76' lang='lat' dir='ltr'><strong>transisset</strong></span> <span class='ocrx_word' id='word_1_130' title='bbox 544 1390 600 1440; x_wconf 85' lang='lat' dir='ltr'><strong>Atti</strong></span> <span class='ocrx_word' id='word_1_131' title='bbox 613 1391 692 1442; x_wconf 90' lang='lat' dir='ltr'><strong>Navii</strong></span> <span class='ocrx_word' id='word_1_132' title='bbox 707 1391 814 1456; x_wconf 87' lang='lat' dir='ltr'><strong>auqurio.</strong></span> <span class='ocrx_word' id='word_1_133' title='bbox 843 1389 985 1454; x_wconf 83' lang='lat' dir='ltr'><strong>Siquando</strong></span> <span class='ocrx_word' id='word_1_134' title='bbox 1003 1391 1104 1453; x_wconf 88' lang='lat' dir='ltr'><strong>arescit,</strong></span> <span class='ocrx_word' id='word_1_135' title='bbox 1122 1408 1205 1440; x_wconf 88' lang='lat' dir='ltr'><strong>rursus</strong></span> <span class='ocrx_word' id='word_1_136' title='bbox 1222 1389 1294 1455; x_wconf 87' lang='lat' dir='ltr'><strong>(quae</strong></span> 
     </span>
     <span class='ocr_line' id='line_1_14' title="bbox 165 1475 1295 1540; baseline 0.001 -16"><span class='ocrx_word' id='word_1_137' title='bbox 165 1491 227 1525; x_wconf 89' lang='lat' dir='ltr'><strong>cura</strong></span> <span class='ocrx_word' id='word_1_138' title='bbox 236 1475 394 1540; x_wconf 86' lang='lat' dir='ltr'><strong>sacerdotum)</strong></span> <span class='ocrx_word' id='word_1_139' title='bbox 411 1476 506 1525; x_wconf 87' lang='lat' dir='ltr'><strong>seritur.</strong></span> <span class='ocrx_word' id='word_1_140' title='bbox 528 1476 596 1527; x_wconf 85' lang='lat' dir='ltr'><strong>Nam</strong></span> <span class='ocrx_word' id='word_1_141' title='bbox 609 1477 676 1528; x_wconf 83' lang='lat' dir='ltr'><strong>Gud.</strong></span> <span class='ocrx_word' id='word_1_142' title='bbox 688 1479 757 1527; x_wconf 88' lang='lat' dir='ltr'><strong>Meu.</strong></span> <span class='ocrx_word' id='word_1_143' title='bbox 771 1477 852 1526; x_wconf 83' lang='lat' dir='ltr'><strong>Acad.</strong></span> <span class='ocrx_word' id='word_1_144' title='bbox 865 1483 918 1525; x_wconf 90' lang='lat' dir='ltr'><strong>acto</strong></span> <span class='ocrx_word' id='word_1_145' title='bbox 930 1476 1027 1540; x_wconf 80' lang='lat' dir='ltr'><strong>nauiqio</strong></span> <span class='ocrx_word' id='word_1_146' title='bbox 1040 1475 1111 1538; x_wconf 89' lang='lat' dir='ltr'><strong>illico,</strong></span> <span class='ocrx_word' id='word_1_147' title='bbox 1129 1477 1231 1527; x_wconf 88' lang='lat' dir='ltr'><strong>Thuan.</strong></span> <span class='ocrx_word' id='word_1_148' title='bbox 1244 1484 1295 1526; x_wconf 90' lang='lat' dir='ltr'><strong>atta</strong></span> 
     </span>
     <span class='ocr_line' id='line_1_15' title="bbox 166 1558 1293 1623; baseline 0.004 -16"><span class='ocrx_word' id='word_1_149' title='bbox 166 1558 263 1623; x_wconf 84' lang='lat' dir='ltr'><strong>nauiqio</strong></span> <span class='ocrx_word' id='word_1_150' title='bbox 278 1558 438 1622; x_wconf 84' lang='lat' dir='ltr'><strong>aliquareacit.</strong></span> <span class='ocrx_word' id='word_1_151' title='bbox 464 1561 590 1609; x_wconf 85' lang='lat' dir='ltr'><strong>Nimirum</strong></span> <span class='ocrx_word' id='word_1_152' title='bbox 608 1558 687 1609; x_wconf 86' lang='lat' dir='ltr'><strong>Nauii</strong></span> <span class='ocrx_word' id='word_1_153' title='bbox 702 1559 803 1623; x_wconf 89' lang='lat' dir='ltr'><strong>auqurio</strong></span> <span class='ocrx_word' id='word_1_154' title='bbox 822 1561 855 1609; x_wconf 86' lang='lat' dir='ltr'><strong>ab</strong></span> <span class='ocrx_word' id='word_1_155' title='bbox 873 1559 1065 1610; x_wconf 85' lang='lat' dir='ltr'><strong>similitudinem</strong></span> <span class='ocrx_word' id='word_1_156' title='bbox 1081 1561 1212 1611; x_wconf 86' lang='lat' dir='ltr'><strong>literarum</strong></span> <span class='ocrx_word' id='word_1_157' title='bbox 1235 1575 1293 1611; x_wconf 88' lang='lat' dir='ltr'><strong>coa-</strong></span> 
     </span>
     <span class='ocr_line' id='line_1_16' title="bbox 166 1642 1295 1709; baseline 0 -15"><span class='ocrx_word' id='word_1_158' title='bbox 166 1645 271 1694; x_wconf 86' lang='lat' dir='ltr'><strong>luerunt</strong></span> <span class='ocrx_word' id='word_1_159' title='bbox 287 1644 314 1692; x_wconf 88' lang='lat' dir='ltr'><strong>in</strong></span> <span class='ocrx_word' id='word_1_160' title='bbox 331 1642 438 1708; x_wconf 86' lang='lat' dir='ltr'><strong>naviqio.</strong></span> <span class='ocrx_word' id='word_1_161' title='bbox 465 1645 507 1693; x_wconf 81' lang='lat' dir='ltr'><strong>Ex</strong></span> <span class='ocrx_word' id='word_1_162' title='bbox 523 1643 545 1691; x_wconf 89' lang='lat' dir='ltr'><strong>si</strong></span> <span class='ocrx_word' id='word_1_163' title='bbox 560 1659 617 1706; x_wconf 89' lang='lat' dir='ltr'><strong>quo,</strong></span> <span class='ocrx_word' id='word_1_164' title='bbox 635 1659 682 1706; x_wconf 88' lang='lat' dir='ltr'><strong>pro</strong></span> <span class='ocrx_word' id='word_1_165' title='bbox 698 1642 843 1707; x_wconf 85' lang='lat' dir='ltr'><strong>siquando,</strong></span> <span class='ocrx_word' id='word_1_166' title='bbox 861 1643 957 1693; x_wconf 83' lang='lat' dir='ltr'><strong>iactum</strong></span> <span class='ocrx_word' id='word_1_167' title='bbox 974 1643 1055 1707; x_wconf 90' lang='lat' dir='ltr'><strong>aliquo</strong></span> <span class='ocrx_word' id='word_1_168' title='bbox 1072 1652 1098 1695; x_wconf 91' lang='lat' dir='ltr'><strong>et</strong></span> <span class='ocrx_word' id='word_1_169' title='bbox 1113 1643 1184 1695; x_wconf 90' lang='lat' dir='ltr'><strong>illico.</strong></span> <span class='ocrx_word' id='word_1_170' title='bbox 1206 1645 1295 1709; x_wconf 77' lang='lat' dir='ltr'><strong>Neque</strong></span> 
     </span>
     <span class='ocr_line' id='line_1_17' title="bbox 167 1728 1293 1792; baseline 0.001 -15"><span class='ocrx_word' id='word_1_171' title='bbox 167 1728 277 1788; x_wconf 84' lang='lat' dir='ltr'><strong>invideo,</strong></span> <span class='ocrx_word' id='word_1_172' title='bbox 296 1729 317 1777; x_wconf 90' lang='lat' dir='ltr'><strong>si</strong></span> <span class='ocrx_word' id='word_1_173' title='bbox 329 1729 385 1791; x_wconf 91' lang='lat' dir='ltr'><strong>quis</strong></span> <span class='ocrx_word' id='word_1_174' title='bbox 397 1742 471 1778; x_wconf 88' lang='lat' dir='ltr'><strong>nesse</strong></span> <span class='ocrx_word' id='word_1_175' title='bbox 489 1729 557 1787; x_wconf 85' lang='lat' dir='ltr'><strong>velit,</strong></span> <span class='ocrx_word' id='word_1_176' title='bbox 575 1737 603 1776; x_wconf 93' lang='lat' dir='ltr'><strong>ut</strong></span> <span class='ocrx_word' id='word_1_177' title='bbox 616 1728 751 1776; x_wconf 87' lang='lat' dir='ltr'><strong>Turnebus</strong></span> <span class='ocrx_word' id='word_1_178' title='bbox 763 1729 828 1777; x_wconf 88' lang='lat' dir='ltr'><strong>haec</strong></span> <span class='ocrx_word' id='word_1_179' title='bbox 840 1730 978 1778; x_wconf 81' lang='lat' dir='ltr'><strong>concinnet</strong></span> <span class='ocrx_word' id='word_1_180' title='bbox 993 1729 1036 1779; x_wconf 89' lang='lat' dir='ltr'><strong>lib.</strong></span> <span class='ocrx_word' id='word_1_181' title='bbox 1050 1733 1091 1789; x_wconf 82' lang='grc'><strong>27,</strong></span> <span class='ocrx_word' id='word_1_182' title='bbox 1107 1735 1156 1792; x_wconf 76' lang='grc'><strong>13,</strong></span> <span class='ocrx_word' id='word_1_183' title='bbox 1173 1739 1202 1781; x_wconf 86' lang='grc'><strong>66</strong></span> <span class='ocrx_word' id='word_1_184' title='bbox 1214 1730 1293 1781; x_wconf 87' lang='lat' dir='ltr'><strong>Scali-</strong></span> 
     </span>
     <span class='ocr_line' id='line_1_18' title="bbox 168 1810 1018 1876; baseline 0 -15"><span class='ocrx_word' id='word_1_185' title='bbox 168 1826 215 1874; x_wconf 84' lang='lat' dir='ltr'><strong>ger</strong></span> <span class='ocrx_word' id='word_1_186' title='bbox 227 1813 258 1860; x_wconf 89' lang='lat' dir='ltr'><strong>ad</strong></span> <span class='ocrx_word' id='word_1_187' title='bbox 271 1813 376 1862; x_wconf 81' lang='lat' dir='ltr'><strong>Festum</strong></span> <span class='ocrx_word' id='word_1_188' title='bbox 389 1813 415 1861; x_wconf 91' lang='lat' dir='ltr'><strong>in</strong></span> <span class='ocrx_word' id='word_1_189' title='bbox 427 1810 519 1872; x_wconf 87' lang='lat' dir='ltr'><strong>Nauia,</strong></span> <span class='ocrx_word' id='word_1_190' title='bbox 539 1819 566 1861; x_wconf 89' lang='lat' dir='ltr'><strong>ut</strong></span> <span class='ocrx_word' id='word_1_191' title='bbox 578 1812 718 1862; x_wconf 78' lang='lat' dir='ltr'><strong>Salmasius</strong></span> <span class='ocrx_word' id='word_1_192' title='bbox 730 1813 763 1859; x_wconf 88' lang='lat' dir='ltr'><strong>ad</strong></span> <span class='ocrx_word' id='word_1_193' title='bbox 775 1811 894 1862; x_wconf 86' lang='lat' dir='ltr'><strong>Solinum</strong></span> <span class='ocrx_word' id='word_1_194' title='bbox 905 1828 930 1876; x_wconf 88' lang='lat' dir='ltr'><strong>p.</strong></span> <span class='ocrx_word' id='word_1_195' title='bbox 945 1814 1018 1862; x_wconf 80' lang='grc'><strong>1167.</strong></span> 
     </span>
    </p>

    <p class='ocr_par' dir='ltr' id='par_1_7' title="bbox 168 1893 1295 2213">
     <span class='ocr_line' id='line_1_19' title="bbox 204 1893 1294 1961; baseline 0.002 -16"><span class='ocrx_word' id='word_1_196' title='bbox 204 1893 325 1958; x_wconf 64' lang='lat' dir='ltr'><strong>[lim]</strong></span> <span class='ocrx_word' id='word_1_197' title='bbox 343 1895 494 1944; x_wconf 84' lang='lat' dir='ltr'><strong>Aliacausa</strong></span> <span class='ocrx_word' id='word_1_198' title='bbox 511 1893 601 1943; x_wconf 86' lang='lat' dir='ltr'><strong>etalio</strong></span> <span class='ocrx_word' id='word_1_199' title='bbox 621 1894 752 1943; x_wconf 87' lang='lat' dir='ltr'><strong>auctoritas</strong></span> <span class='ocrx_word' id='word_1_200' title='bbox 772 1894 849 1943; x_wconf 88' lang='lat' dir='ltr'><strong>maier</strong></span> <span class='ocrx_word' id='word_1_201' title='bbox 864 1894 890 1943; x_wconf 89' lang='lat' dir='ltr'><strong>in</strong></span> <span class='ocrx_word' id='word_1_202' title='bbox 905 1893 1019 1957; x_wconf 80' lang='lat' dir='ltr'><strong>Horatii]</strong></span> <span class='ocrx_word' id='word_1_203' title='bbox 1042 1897 1106 1946; x_wconf 85' lang='lat' dir='ltr'><strong>Tres</strong></span> <span class='ocrx_word' id='word_1_204' title='bbox 1126 1911 1294 1961; x_wconf 84' lang='lat' dir='ltr'><strong>supervacuas</strong></span> 
     </span>
     <span class='ocr_line' id='line_1_20' title="bbox 168 1977 1295 2043; baseline -0.001 -15"><span class='ocrx_word' id='word_1_205' title='bbox 168 1993 245 2030; x_wconf 83' lang='lat' dir='ltr'><strong>voees</strong></span> <span class='ocrx_word' id='word_1_206' title='bbox 257 1981 335 2029; x_wconf 87' lang='lat' dir='ltr'><strong>recidi</strong></span> <span class='ocrx_word' id='word_1_207' title='bbox 347 1982 417 2030; x_wconf 89' lang='lat' dir='ltr'><strong>iubet</strong></span> <span class='ocrx_word' id='word_1_208' title='bbox 433 1980 499 2030; x_wconf 90' lang='lat' dir='ltr'><strong>liber</strong></span> <span class='ocrx_word' id='word_1_209' title='bbox 511 1981 629 2043; x_wconf 83' lang='lat' dir='ltr'><strong>optimus.</strong></span> <span class='ocrx_word' id='word_1_210' title='bbox 653 1980 695 2030; x_wconf 90' lang='lat' dir='ltr'><strong>Sic</strong></span> <span class='ocrx_word' id='word_1_211' title='bbox 707 1981 775 2028; x_wconf 90' lang='lat' dir='ltr'><strong>euim</strong></span> <span class='ocrx_word' id='word_1_212' title='bbox 788 1979 910 2029; x_wconf 89' lang='lat' dir='ltr'><strong>ostendit:</strong></span> <span class='ocrx_word' id='word_1_213' title='bbox 928 1977 989 2028; x_wconf 84' lang='lat' dir='ltr'><strong>Alia</strong></span> <span class='ocrx_word' id='word_1_214' title='bbox 1001 1995 1083 2039; x_wconf 89' lang='lat' dir='ltr'><strong>causa,</strong></span> <span class='ocrx_word' id='word_1_215' title='bbox 1100 1979 1152 2029; x_wconf 89' lang='lat' dir='ltr'><strong>alia</strong></span> <span class='ocrx_word' id='word_1_216' title='bbox 1164 1979 1295 2029; x_wconf 81' lang='lat' dir='ltr'><strong>auctoritas</strong></span> 
     </span>
     <span class='ocr_line' id='line_1_21' title="bbox 168 2061 1295 2129; baseline -0.003 -15"><span class='ocrx_word' id='word_1_217' title='bbox 168 2064 208 2114; x_wconf 80' lang='lat' dir='ltr'><strong>M.</strong></span> <span class='ocrx_word' id='word_1_218' title='bbox 220 2063 322 2114; x_wconf 79' lang='lat' dir='ltr'><strong>Horatii</strong></span> <span class='ocrx_word' id='word_1_219' title='bbox 334 2061 428 2113; x_wconf 80' lang='lat' dir='ltr'><strong>Coclitis</strong></span> <span class='ocrx_word' id='word_1_220' title='bbox 443 2072 545 2114; x_wconf 87' lang='lat' dir='ltr'><strong>statuae.</strong></span> <span class='ocrx_word' id='word_1_221' title='bbox 569 2065 636 2115; x_wconf 85' lang='lat' dir='ltr'><strong>Cum</strong></span> <span class='ocrx_word' id='word_1_222' title='bbox 651 2065 702 2114; x_wconf 91' lang='lat' dir='ltr'><strong>hoc</strong></span> <span class='ocrx_word' id='word_1_223' title='bbox 718 2064 795 2112; x_wconf 89' lang='lat' dir='ltr'><strong>maior</strong></span> <span class='ocrx_word' id='word_1_224' title='bbox 811 2065 880 2114; x_wconf 89' lang='lat' dir='ltr'><strong>cadit</strong></span> <span class='ocrx_word' id='word_1_225' title='bbox 896 2073 921 2114; x_wconf 91' lang='lat' dir='ltr'><strong>et</strong></span> <span class='ocrx_word' id='word_1_226' title='bbox 937 2064 1050 2114; x_wconf 88' lang='lat' dir='ltr'><strong>Pintiani</strong></span> <span class='ocrx_word' id='word_1_227' title='bbox 1067 2065 1143 2113; x_wconf 89' lang='lat' dir='ltr'><strong>minor</strong></span> <span class='ocrx_word' id='word_1_228' title='bbox 1159 2079 1205 2129; x_wconf 90' lang='lat' dir='ltr'><strong>pro</strong></span> <span class='ocrx_word' id='word_1_229' title='bbox 1223 2064 1295 2112; x_wconf 86' lang='lat' dir='ltr'><strong>miror</strong></span> 
     </span>
     <span class='ocr_line' id='line_1_22' title="bbox 168 2149 473 2213; baseline 0.007 -16"><span class='ocrx_word' id='word_1_230' title='bbox 168 2150 195 2198; x_wconf 90' lang='lat' dir='ltr'><strong>in</strong></span> <span class='ocrx_word' id='word_1_231' title='bbox 207 2149 289 2199; x_wconf 82' lang='lat' dir='ltr'><strong>verbis</strong></span> <span class='ocrx_word' id='word_1_232' title='bbox 300 2150 473 2213; x_wconf 86' lang='lat' dir='ltr'><strong>sequentibus.</strong></span> 
     </span>
    </p>

    <p class='ocr_par' dir='ltr' id='par_1_8' title="bbox 169 2230 1332 2790">
     <span class='ocr_line' id='line_1_23' title="bbox 204 2230 1296 2297; baseline -0.003 -13"><span class='ocrx_word' id='word_1_233' title='bbox 204 2233 269 2284; x_wconf 69' lang='lat' dir='ltr'><strong>Can.</strong></span> <span class='ocrx_word' id='word_1_234' title='bbox 281 2233 329 2283; x_wconf 85' lang='lat' dir='ltr'><strong>VI.</strong></span> <span class='ocrx_word' id='word_1_235' title='bbox 340 2231 393 2295; x_wconf 90' lang='grc'><strong>[11,</strong></span> <span class='ocrx_word' id='word_1_236' title='bbox 407 2232 451 2295; x_wconf 83' lang='grc'><strong>24]</strong></span> <span class='ocrx_word' id='word_1_237' title='bbox 464 2233 521 2284; x_wconf 89' lang='lat' dir='ltr'><strong>Non</strong></span> <span class='ocrx_word' id='word_1_238' title='bbox 530 2233 667 2297; x_wconf 83' lang='lat' dir='ltr'><strong>praeteribo</strong></span> <span class='ocrx_word' id='word_1_239' title='bbox 678 2230 704 2282; x_wconf 91' lang='lat' dir='ltr'><strong>C.</strong></span> <span class='ocrx_word' id='word_1_240' title='bbox 721 2232 844 2283; x_wconf 88' lang='lat' dir='ltr'><strong>Octauium</strong></span> <span class='ocrx_word' id='word_1_241' title='bbox 856 2234 884 2293; x_wconf 80' lang='lat' dir='ltr'><strong>qb</strong></span> <span class='ocrx_word' id='word_1_242' title='bbox 897 2248 968 2283; x_wconf 89' lang='lat' dir='ltr'><strong>unum</strong></span> <span class='ocrx_word' id='word_1_243' title='bbox 980 2232 1087 2295; x_wconf 88' lang='lat' dir='ltr'><strong>uerbum]</strong></span> <span class='ocrx_word' id='word_1_244' title='bbox 1101 2235 1234 2284; x_wconf 89' lang='lat' dir='ltr'><strong>Pintianus</strong></span> <span class='ocrx_word' id='word_1_245' title='bbox 1246 2235 1296 2282; x_wconf 85' lang='lat' dir='ltr'><strong>tria</strong></span> 
     </span>
     <span class='ocr_line' id='line_1_24' title="bbox 169 2314 1295 2381; baseline -0.002 -14"><span class='ocrx_word' id='word_1_246' title='bbox 169 2325 298 2381; x_wconf 81' lang='lat' dir='ltr'><strong>postrema</strong></span> <span class='ocrx_word' id='word_1_247' title='bbox 309 2318 387 2367; x_wconf 83' lang='lat' dir='ltr'><strong>rerba</strong></span> <span class='ocrx_word' id='word_1_248' title='bbox 399 2317 517 2367; x_wconf 80' lang='lat' dir='ltr'><strong>Pliniana</strong></span> <span class='ocrx_word' id='word_1_249' title='bbox 528 2333 583 2368; x_wconf 89' lang='lat' dir='ltr'><strong>esse</strong></span> <span class='ocrx_word' id='word_1_250' title='bbox 595 2317 711 2380; x_wconf 88' lang='lat' dir='ltr'><strong>negabat.</strong></span> <span class='ocrx_word' id='word_1_251' title='bbox 724 2319 799 2367; x_wconf 87' lang='lat' dir='ltr'><strong>Voss.</strong></span> <span class='ocrx_word' id='word_1_252' title='bbox 814 2314 856 2366; x_wconf 89' lang='lat' dir='ltr'><strong>Cn.</strong></span> <span class='ocrx_word' id='word_1_253' title='bbox 873 2316 995 2367; x_wconf 84' lang='lat' dir='ltr'><strong>Octauium</strong></span> <span class='ocrx_word' id='word_1_254' title='bbox 1008 2319 1036 2366; x_wconf 92' lang='lat' dir='ltr'><strong>ob</strong></span> <span class='ocrx_word' id='word_1_255' title='bbox 1048 2334 1118 2367; x_wconf 86' lang='lat' dir='ltr'><strong>unum</strong></span> <span class='ocrx_word' id='word_1_256' title='bbox 1131 2317 1180 2368; x_wconf 85' lang='lat' dir='ltr'><strong>SC.</strong></span> <span class='ocrx_word' id='word_1_257' title='bbox 1193 2319 1295 2377; x_wconf 85' lang='lat' dir='ltr'><strong>verbum,</strong></span> 
     </span>
     <span class='ocr_line' id='line_1_25' title="bbox 170 2400 1296 2465; baseline 0.001 -16"><span class='ocrx_word' id='word_1_258' title='bbox 170 2400 281 2463; x_wconf 74' lang='lat' dir='ltr'><strong>hoaest,</strong></span> <span class='ocrx_word' id='word_1_259' title='bbox 298 2403 519 2452; x_wconf 86' lang='lat' dir='ltr'><strong>senatusconsulti.</strong></span> <span class='ocrx_word' id='word_1_260' title='bbox 543 2402 574 2451; x_wconf 88' lang='lat' dir='ltr'><strong>Id</strong></span> <span class='ocrx_word' id='word_1_261' title='bbox 589 2403 696 2451; x_wconf 88' lang='lat' dir='ltr'><strong>verbum</strong></span> <span class='ocrx_word' id='word_1_262' title='bbox 712 2411 750 2451; x_wconf 90' lang='lat' dir='ltr'><strong>est</strong></span> <span class='ocrx_word' id='word_1_263' title='bbox 769 2400 935 2452; x_wconf 78' lang='lat' dir='ltr'><strong>ocubutissimo.</strong></span> <span class='ocrx_word' id='word_1_264' title='bbox 958 2402 1078 2464; x_wconf 87' lang='lat' dir='ltr'><strong>Sequitur</strong></span> <span class='ocrx_word' id='word_1_265' title='bbox 1097 2403 1176 2452; x_wconf 90' lang='lat' dir='ltr'><strong>enim:</strong></span> <span class='ocrx_word' id='word_1_266' title='bbox 1200 2401 1230 2450; x_wconf 88' lang='lat' dir='ltr'><strong>In</strong></span> <span class='ocrx_word' id='word_1_267' title='bbox 1247 2419 1296 2465; x_wconf 89' lang='lat' dir='ltr'><strong>qua</strong></span> 
     </span>
     <span class='ocr_line' id='line_1_26' title="bbox 171 2484 1296 2550; baseline 0 -17"><span class='ocrx_word' id='word_1_268' title='bbox 171 2485 287 2550; x_wconf 73' lang='grc'><strong>1696616666</strong></span> <span class='ocrx_word' id='word_1_269' title='bbox 302 2485 425 2549; x_wconf 88' lang='lat' dir='ltr'><strong>interfecto</strong></span> <span class='ocrx_word' id='word_1_270' title='bbox 440 2494 536 2534; x_wconf 82' lang='lat' dir='ltr'><strong>senatus</strong></span> <span class='ocrx_word' id='word_1_271' title='bbox 552 2493 656 2534; x_wconf 89' lang='lat' dir='ltr'><strong>statuam</strong></span> <span class='ocrx_word' id='word_1_272' title='bbox 671 2485 731 2549; x_wconf 84' lang='lat' dir='ltr'><strong>poni</strong></span> <span class='ocrx_word' id='word_1_273' title='bbox 744 2485 815 2534; x_wconf 88' lang='lat' dir='ltr'><strong>iussit</strong></span> <span class='ocrx_word' id='word_1_274' title='bbox 832 2501 903 2548; x_wconf 90' lang='lat' dir='ltr'><strong>quam</strong></span> <span class='ocrx_word' id='word_1_275' title='bbox 915 2484 1075 2534; x_wconf 82' lang='lat' dir='ltr'><strong>oculatissimo</strong></span> <span class='ocrx_word' id='word_1_276' title='bbox 1087 2484 1151 2536; x_wconf 91' lang='lat' dir='ltr'><strong>loco:</strong></span> <span class='ocrx_word' id='word_1_277' title='bbox 1173 2502 1247 2549; x_wconf 88' lang='lat' dir='ltr'><strong>eaque</strong></span> <span class='ocrx_word' id='word_1_278' title='bbox 1262 2494 1296 2534; x_wconf 88' lang='lat' dir='ltr'><strong>est</strong></span> 
     </span>
     <span class='ocr_line' id='line_1_27' title="bbox 172 2568 1332 2643; baseline 0.001 -27"><span class='ocrx_word' id='word_1_279' title='bbox 172 2568 196 2616; x_wconf 91' lang='lat' dir='ltr'><strong>in</strong></span> <span class='ocrx_word' id='word_1_280' title='bbox 212 2569 304 2619; x_wconf 79' lang='lat' dir='ltr'><strong>rostris.</strong></span> <span class='ocrx_word' id='word_1_281' title='bbox 325 2572 366 2620; x_wconf 91' lang='lat' dir='ltr'><strong>Ita</strong></span> <span class='ocrx_word' id='word_1_282' title='bbox 383 2571 449 2619; x_wconf 90' lang='lat' dir='ltr'><strong>enim</strong></span> <span class='ocrx_word' id='word_1_283' title='bbox 467 2571 542 2620; x_wconf 90' lang='lat' dir='ltr'><strong>Voss.</strong></span> <span class='ocrx_word' id='word_1_284' title='bbox 566 2571 654 2633; x_wconf 87' lang='lat' dir='ltr'><strong>Vulgo</strong></span> <span class='ocrx_word' id='word_1_285' title='bbox 672 2573 764 2620; x_wconf 85' lang='lat' dir='ltr'><strong>desunt</strong></span> <span class='ocrx_word' id='word_1_286' title='bbox 781 2585 855 2632; x_wconf 89' lang='lat' dir='ltr'><strong>eaque</strong></span> <span class='ocrx_word' id='word_1_287' title='bbox 872 2577 914 2619; x_wconf 84' lang='lat' dir='ltr'><strong>est.</strong></span> <span class='ocrx_word' id='word_1_288' title='bbox 942 2571 1121 2643; x_wconf 84' lang='lat' dir='ltr'><strong>Academicus,</strong></span> <span class='ocrx_word' id='word_1_289' title='bbox 1140 2571 1210 2620; x_wconf 91' lang='lat' dir='ltr'><strong>Men.</strong></span> <span class='ocrx_word' id='word_1_290' title='bbox 1227 2570 1294 2621; x_wconf 82' lang='lat' dir='ltr'><strong>Gud.</strong></span> <span class='ocrx_word' id='word_1_291' title='bbox 1330 2570 1332 2575; x_wconf 80' lang='grc'>’</span> 
     </span>
     <span class='ocr_line' id='line_1_28' title="bbox 172 2652 1295 2717; baseline -0.001 -13"><span class='ocrx_word' id='word_1_292' title='bbox 172 2652 222 2704; x_wconf 87' lang='lat' dir='ltr'><strong>loco</strong></span> <span class='ocrx_word' id='word_1_293' title='bbox 236 2653 280 2717; x_wconf 89' lang='lat' dir='ltr'><strong>qui</strong></span> <span class='ocrx_word' id='word_1_294' title='bbox 293 2653 367 2703; x_wconf 89' lang='lat' dir='ltr'><strong>estin</strong></span> <span class='ocrx_word' id='word_1_295' title='bbox 384 2653 476 2704; x_wconf 88' lang='lat' dir='ltr'><strong>rostris.</strong></span> <span class='ocrx_word' id='word_1_296' title='bbox 500 2656 636 2705; x_wconf 82' lang='lat' dir='ltr'><strong>Caeterum</strong></span> <span class='ocrx_word' id='word_1_297' title='bbox 653 2657 715 2704; x_wconf 88' lang='lat' dir='ltr'><strong>duas</strong></span> <span class='ocrx_word' id='word_1_298' title='bbox 731 2655 775 2703; x_wconf 92' lang='lat' dir='ltr'><strong>hic</strong></span> <span class='ocrx_word' id='word_1_299' title='bbox 790 2655 907 2705; x_wconf 87' lang='lat' dir='ltr'><strong>historias</strong></span> <span class='ocrx_word' id='word_1_300' title='bbox 924 2671 940 2705; x_wconf 91' lang='lat' dir='ltr'><strong>a</strong></span> <span class='ocrx_word' id='word_1_301' title='bbox 954 2656 1039 2704; x_wconf 90' lang='lat' dir='ltr'><strong>Plinio</strong></span> <span class='ocrx_word' id='word_1_302' title='bbox 1056 2656 1124 2705; x_wconf 87' lang='lat' dir='ltr'><strong>male</strong></span> <span class='ocrx_word' id='word_1_303' title='bbox 1140 2656 1237 2704; x_wconf 89' lang='lat' dir='ltr'><strong>misceri</strong></span> <span class='ocrx_word' id='word_1_304' title='bbox 1249 2669 1295 2704; x_wconf 89' lang='lat' dir='ltr'><strong>nc·</strong></span> 
     </span>
     <span class='ocr_line' id='line_1_29' title="bbox 172 2740 790 2790; baseline -0.003 -1"><span class='ocrx_word' id='word_1_305' title='bbox 172 2747 228 2789; x_wconf 88' lang='lat' dir='ltr'><strong>tum</strong></span> <span class='ocrx_word' id='word_1_306' title='bbox 239 2746 285 2790; x_wconf 88' lang='lat' dir='ltr'><strong>est.</strong></span> <span class='ocrx_word' id='word_1_307' title='bbox 787 2740 790 2745; x_wconf 82' lang='grc'><strong>’</strong></span> 
     </span>
    </p>

    <p class='ocr_par' dir='ltr' id='par_1_9' title="bbox 155 2820 1297 3138">
     <span class='ocr_line' id='line_1_30' title="bbox 206 2820 1296 2900; baseline 0 -26"><span class='ocrx_word' id='word_1_308' title='bbox 206 2820 260 2885; x_wconf 91' lang='grc'><strong>[12,</strong></span> <span class='ocrx_word' id='word_1_309' title='bbox 270 2823 314 2886; x_wconf 90' lang='grc'><strong>26]</strong></span> <span class='ocrx_word' id='word_1_310' title='bbox 325 2823 462 2875; x_wconf 85' lang='lat' dir='ltr'><strong>Simulacra</strong></span> <span class='ocrx_word' id='word_1_311' title='bbox 476 2824 561 2875; x_wconf 85' lang='lat' dir='ltr'><strong>celebri</strong></span> <span class='ocrx_word' id='word_1_312' title='bbox 575 2825 624 2875; x_wconf 87' lang='lat' dir='ltr'><strong>loco</strong></span> <span class='ocrx_word' id='word_1_313' title='bbox 636 2825 717 2874; x_wconf 88' lang='lat' dir='ltr'><strong>dicari</strong></span> <span class='ocrx_word' id='word_1_314' title='bbox 726 2824 798 2874; x_wconf 90' lang='lat' dir='ltr'><strong>donee</strong></span> <span class='ocrx_word' id='word_1_315' title='bbox 807 2823 1001 2900; x_wconf 59' lang='lat' dir='ltr'><strong>abiudicata]</strong></span> <span class='ocrx_word' id='word_1_316' title='bbox 1016 2827 1169 2876; x_wconf 84' lang='lat' dir='ltr'><strong>Hermolaus</strong></span> <span class='ocrx_word' id='word_1_317' title='bbox 1180 2839 1214 2874; x_wconf 87' lang='lat' dir='ltr'><strong>ex</strong></span> <span class='ocrx_word' id='word_1_318' title='bbox 1227 2831 1296 2874; x_wconf 87' lang='lat' dir='ltr'><strong>vetu-</strong></span> 
     </span>
     <span class='ocr_line' id='line_1_31' title="bbox 155 2908 1297 2973; baseline 0.001 -15"><span class='ocrx_word' id='word_1_319' title='bbox 155 2909 216 2964; x_wconf 75' lang='lat' dir='ltr'><strong>,stis</strong></span> <span class='ocrx_word' id='word_1_320' title='bbox 234 2911 307 2958; x_wconf 87' lang='lat' dir='ltr'><strong>codd.</strong></span> <span class='ocrx_word' id='word_1_321' title='bbox 324 2909 412 2958; x_wconf 85' lang='lat' dir='ltr'><strong>affert:</strong></span> <span class='ocrx_word' id='word_1_322' title='bbox 436 2926 464 2958; x_wconf 90' lang='lat' dir='ltr'><strong>ea</strong></span> <span class='ocrx_word' id='word_1_323' title='bbox 483 2926 558 2958; x_wconf 84' lang='lat' dir='ltr'><strong>causa</strong></span> <span class='ocrx_word' id='word_1_324' title='bbox 573 2909 643 2958; x_wconf 88' lang='lat' dir='ltr'><strong>crede</strong></span> <span class='ocrx_word' id='word_1_325' title='bbox 660 2926 689 2957; x_wconf 88' lang='lat' dir='ltr'><strong>ne</strong></span> <span class='ocrx_word' id='word_1_326' title='bbox 706 2908 778 2959; x_wconf 81' lang='lat' dir='ltr'><strong>Sulla</strong></span> <span class='ocrx_word' id='word_1_327' title='bbox 795 2908 898 2956; x_wconf 88' lang='lat' dir='ltr'><strong>dictator</strong></span> <span class='ocrx_word' id='word_1_328' title='bbox 913 2909 948 2957; x_wconf 87' lang='lat' dir='ltr'><strong>ibi</strong></span> <span class='ocrx_word' id='word_1_329' title='bbox 964 2911 1053 2958; x_wconf 85' lang='lat' dir='ltr'><strong>curiam</strong></span> <span class='ocrx_word' id='word_1_330' title='bbox 1067 2911 1172 2973; x_wconf 84' lang='lat' dir='ltr'><strong>faceret.</strong></span> <span class='ocrx_word' id='word_1_331' title='bbox 1189 2911 1258 2959; x_wconf 90' lang='lat' dir='ltr'><strong>Men.</strong></span> <span class='ocrx_word' id='word_1_332' title='bbox 1272 2919 1297 2959; x_wconf 90' lang='lat' dir='ltr'><strong>et</strong></span> 
     </span>
     <span class='ocr_line' id='line_1_32' title="bbox 172 2990 1294 3044; baseline 0 -1"><span class='ocrx_word' id='word_1_333' title='bbox 172 2993 238 3044; x_wconf 83' lang='lat' dir='ltr'><strong>Gud.</strong></span> <span class='ocrx_word' id='word_1_334' title='bbox 246 2992 329 3043; x_wconf 78' lang='lat' dir='ltr'><strong>Acad.</strong></span> <span class='ocrx_word' id='word_1_335' title='bbox 341 2992 421 3042; x_wconf 87' lang='lat' dir='ltr'><strong>dicari</strong></span> <span class='ocrx_word' id='word_1_336' title='bbox 430 3002 452 3041; x_wconf 87' lang='lat' dir='ltr'><strong>ct</strong></span> <span class='ocrx_word' id='word_1_337' title='bbox 463 2992 532 3042; x_wconf 86' lang='lat' dir='ltr'><strong>credo</strong></span> <span class='ocrx_word' id='word_1_338' title='bbox 544 3009 572 3041; x_wconf 88' lang='lat' dir='ltr'><strong>ne</strong></span> <span class='ocrx_word' id='word_1_339' title='bbox 581 2992 652 3044; x_wconf 85' lang='lat' dir='ltr'><strong>Silla.</strong></span> <span class='ocrx_word' id='word_1_340' title='bbox 665 2994 741 3042; x_wconf 88' lang='lat' dir='ltr'><strong>Voss.</strong></span> <span class='ocrx_word' id='word_1_341' title='bbox 751 2990 832 3040; x_wconf 87' lang='lat' dir='ltr'><strong>dicari</strong></span> <span class='ocrx_word' id='word_1_342' title='bbox 847 3007 876 3040; x_wconf 88' lang='lat' dir='ltr'><strong>ea</strong></span> <span class='ocrx_word' id='word_1_343' title='bbox 888 2999 922 3039; x_wconf 86' lang='lat' dir='ltr'><strong>est</strong></span> <span class='ocrx_word' id='word_1_344' title='bbox 933 3000 956 3039; x_wconf 86' lang='lat' dir='ltr'><strong>et</strong></span> <span class='ocrx_word' id='word_1_345' title='bbox 967 2991 1037 3040; x_wconf 86' lang='lat' dir='ltr'><strong>credo</strong></span> <span class='ocrx_word' id='word_1_346' title='bbox 1048 3009 1090 3040; x_wconf 87' lang='lat' dir='ltr'><strong>nec</strong></span> <span class='ocrx_word' id='word_1_347' title='bbox 1099 2993 1177 3043; x_wconf 83' lang='lat' dir='ltr'><strong>Sulla.</strong></span> <span class='ocrx_word' id='word_1_348' title='bbox 1197 2995 1294 3044; x_wconf 87' lang='lat' dir='ltr'><strong>Scribe:</strong></span> 
     </span>
     <span class='ocr_line' id='line_1_33' title="bbox 170 3074 1244 3138; baseline -0.002 -12"><span class='ocrx_word' id='word_1_349' title='bbox 170 3076 299 3127; x_wconf 78' lang='lat' dir='ltr'><strong>simulacra</strong></span> <span class='ocrx_word' id='word_1_350' title='bbox 310 3076 395 3127; x_wconf 82' lang='lat' dir='ltr'><strong>celebri</strong></span> <span class='ocrx_word' id='word_1_351' title='bbox 407 3076 455 3126; x_wconf 90' lang='lat' dir='ltr'><strong>laco</strong></span> <span class='ocrx_word' id='word_1_352' title='bbox 468 3077 559 3128; x_wconf 86' lang='lat' dir='ltr'><strong>dicari:</strong></span> <span class='ocrx_word' id='word_1_353' title='bbox 577 3093 606 3125; x_wconf 90' lang='grc'><strong>66</strong></span> <span class='ocrx_word' id='word_1_354' title='bbox 616 3084 706 3137; x_wconf 86' lang='lat' dir='ltr'><strong>stetere,</strong></span> <span class='ocrx_word' id='word_1_355' title='bbox 719 3075 792 3124; x_wconf 88' lang='lat' dir='ltr'><strong>donec</strong></span> <span class='ocrx_word' id='word_1_356' title='bbox 803 3074 875 3125; x_wconf 81' lang='lat' dir='ltr'><strong>Sulla</strong></span> <span class='ocrx_word' id='word_1_357' title='bbox 887 3074 989 3123; x_wconf 88' lang='lat' dir='ltr'><strong>dictator</strong></span> <span class='ocrx_word' id='word_1_358' title='bbox 1001 3076 1035 3124; x_wconf 90' lang='lat' dir='ltr'><strong>ibi</strong></span> <span class='ocrx_word' id='word_1_359' title='bbox 1045 3077 1244 3138; x_wconf 74' lang='lat' dir='ltr'><strong>cumamfoceret.</strong></span> 
     </span>
    </p>

    <p class='ocr_par' dir='ltr' id='par_1_10' title="bbox 170 3150 1299 3548">
     <span class='ocr_line' id='line_1_34' title="bbox 206 3150 1299 3225; baseline 0 -15"><span class='ocrx_word' id='word_1_360' title='bbox 206 3159 259 3222; x_wconf 79' lang='grc'><strong>[12,</strong></span> <span class='ocrx_word' id='word_1_361' title='bbox 270 3160 314 3223; x_wconf 83' lang='grc'><strong>27]</strong></span> <span class='ocrx_word' id='word_1_362' title='bbox 328 3161 438 3218; x_wconf 82' lang='lat' dir='ltr'><strong>Statuerc</strong></span> <span class='ocrx_word' id='word_1_363' title='bbox 450 3178 511 3225; x_wconf 79' lang='lat' dir='ltr'><strong>quae</strong></span> <span class='ocrx_word' id='word_1_364' title='bbox 523 3178 576 3210; x_wconf 81' lang='lat' dir='ltr'><strong>mou</strong></span> <span class='ocrx_word' id='word_1_365' title='bbox 588 3160 752 3210; x_wconf 72' lang='grc'><strong>1666666661</strong></span> <span class='ocrx_word' id='word_1_366' title='bbox 763 3158 864 3208; x_wconf 87' lang='lat' dir='ltr'><strong>nondum</strong></span> <span class='ocrx_word' id='word_1_367' title='bbox 876 3156 950 3219; x_wconf 87' lang='lat' dir='ltr'><strong>anuo]</strong></span> <span class='ocrx_word' id='word_1_368' title='bbox 961 3160 1036 3209; x_wconf 87' lang='lat' dir='ltr'><strong>Voss.</strong></span> <span class='ocrx_word' id='word_1_369' title='bbox 1046 3150 1168 3222; x_wconf 82' lang='lat' dir='ltr'><strong>Siquidem</strong></span> <span class='ocrx_word' id='word_1_370' title='bbox 1180 3156 1299 3210; x_wconf 85' lang='lat' dir='ltr'><em>CCCLX</em></span> 
     </span>
     <span class='ocr_line' id='line_1_35' title="bbox 170 3242 1295 3307; baseline 0.003 -16"><span class='ocrx_word' id='word_1_371' title='bbox 170 3250 286 3305; x_wconf 83' lang='lat' dir='ltr'><strong>statuere,</strong></span> <span class='ocrx_word' id='word_1_372' title='bbox 307 3244 408 3294; x_wconf 88' lang='lat' dir='ltr'><strong>nondum</strong></span> <span class='ocrx_word' id='word_1_373' title='bbox 429 3264 492 3295; x_wconf 88' lang='lat' dir='ltr'><strong>anno</strong></span> <span class='ocrx_word' id='word_1_374' title='bbox 518 3246 578 3294; x_wconf 88' lang='lat' dir='ltr'><strong>bunc</strong></span> <span class='ocrx_word' id='word_1_375' title='bbox 599 3261 717 3294; x_wconf 86' lang='lat' dir='ltr'><strong>numerum</strong></span> <span class='ocrx_word' id='word_1_376' title='bbox 739 3242 829 3293; x_wconf 88' lang='lat' dir='ltr'><strong>dierum</strong></span> <span class='ocrx_word' id='word_1_377' title='bbox 845 3242 979 3304; x_wconf 74' lang='grc'><strong>6666616616,</strong></span> <span class='ocrx_word' id='word_1_378' title='bbox 1001 3260 1061 3307; x_wconf 81' lang='lat' dir='ltr'><strong>quas</strong></span> <span class='ocrx_word' id='word_1_379' title='bbox 1081 3260 1137 3292; x_wconf 80' lang='lat' dir='ltr'><strong>mou</strong></span> <span class='ocrx_word' id='word_1_380' title='bbox 1153 3243 1295 3295; x_wconf 85' lang='lat' dir='ltr'><strong>laceravere.</strong></span> 
     </span>
     <span class='ocr_line' id='line_1_36' title="bbox 170 3328 1296 3394; baseline 0.001 -16"><span class='ocrx_word' id='word_1_381' title='bbox 170 3328 231 3387; x_wconf 76' lang='lat' dir='ltr'><strong>Non</strong></span> <span class='ocrx_word' id='word_1_382' title='bbox 248 3331 314 3379; x_wconf 91' lang='lat' dir='ltr'><strong>enim</strong></span> <span class='ocrx_word' id='word_1_383' title='bbox 336 3330 398 3378; x_wconf 87' lang='lat' dir='ltr'><strong>dicit</strong></span> <span class='ocrx_word' id='word_1_384' title='bbox 418 3333 488 3394; x_wconf 88' lang='lat' dir='ltr'><strong>prius</strong></span> <span class='ocrx_word' id='word_1_385' title='bbox 510 3332 645 3390; x_wconf 85' lang='lat' dir='ltr'><strong>laceratas,</strong></span> <span class='ocrx_word' id='word_1_386' title='bbox 670 3344 747 3393; x_wconf 89' lang='lat' dir='ltr'><strong>quam</strong></span> <span class='ocrx_word' id='word_1_387' title='bbox 766 3336 805 3378; x_wconf 89' lang='lat' dir='ltr'><strong>tot</strong></span> <span class='ocrx_word' id='word_1_388' title='bbox 824 3329 877 3378; x_wconf 88' lang='lat' dir='ltr'><strong>dies</strong></span> <span class='ocrx_word' id='word_1_389' title='bbox 893 3330 955 3377; x_wconf 89' lang='lat' dir='ltr'><strong>anni</strong></span> <span class='ocrx_word' id='word_1_390' title='bbox 974 3328 1170 3393; x_wconf 86' lang='lat' dir='ltr'><strong>praeterissent,</strong></span> <span class='ocrx_word' id='word_1_391' title='bbox 1191 3331 1235 3378; x_wconf 89' lang='lat' dir='ltr'><strong>sed</strong></span> <span class='ocrx_word' id='word_1_392' title='bbox 1257 3337 1296 3379; x_wconf 91' lang='lat' dir='ltr'><strong>tot</strong></span> 
     </span>
     <span class='ocr_line' id='line_1_37' title="bbox 170 3413 1296 3483; baseline -0.001 -21"><span class='ocrx_word' id='word_1_393' title='bbox 170 3415 266 3477; x_wconf 86' lang='lat' dir='ltr'><strong>positas</strong></span> <span class='ocrx_word' id='word_1_394' title='bbox 278 3421 341 3475; x_wconf 89' lang='lat' dir='ltr'><strong>turn,</strong></span> <span class='ocrx_word' id='word_1_395' title='bbox 354 3429 412 3463; x_wconf 92' lang='lat' dir='ltr'><strong>cum</strong></span> <span class='ocrx_word' id='word_1_396' title='bbox 424 3428 505 3463; x_wconf 87' lang='lat' dir='ltr'><strong>annue</strong></span> <span class='ocrx_word' id='word_1_397' title='bbox 517 3417 631 3465; x_wconf 88' lang='lat' dir='ltr'><strong>nondum</strong></span> <span class='ocrx_word' id='word_1_398' title='bbox 642 3415 726 3477; x_wconf 85' lang='lat' dir='ltr'><strong>plures</strong></span> <span class='ocrx_word' id='word_1_399' title='bbox 739 3414 792 3463; x_wconf 86' lang='lat' dir='ltr'><strong>dies</strong></span> <span class='ocrx_word' id='word_1_400' title='bbox 803 3414 912 3483; x_wconf 58' lang='lat' dir='ltr'><strong>Aduenis</strong></span> <span class='ocrx_word' id='word_1_401' title='bbox 924 3414 1038 3463; x_wconf 85' lang='lat' dir='ltr'><strong>haberet.</strong></span> <span class='ocrx_word' id='word_1_402' title='bbox 1056 3413 1116 3462; x_wconf 87' lang='lat' dir='ltr'><strong>Non</strong></span> <span class='ocrx_word' id='word_1_403' title='bbox 1128 3414 1202 3463; x_wconf 82' lang='lat' dir='ltr'><strong>aliter</strong></span> <span class='ocrx_word' id='word_1_404' title='bbox 1213 3415 1296 3463; x_wconf 90' lang='lat' dir='ltr'><strong>codex</strong></span> 
     </span>
     <span class='ocr_line' id='line_1_38' title="bbox 170 3499 290 3548; baseline -0.008 0"><span class='ocrx_word' id='word_1_405' title='bbox 170 3499 290 3548; x_wconf 88' lang='lat' dir='ltr'><strong>Pintiani.</strong></span> 
     </span>
    </p>

    <p class='ocr_par' dir='ltr' id='par_1_11' title="bbox 168 3573 1379 3984">
     <span class='ocr_line' id='line_1_39' title="bbox 207 3573 1379 3647; baseline -0.003 -15"><span class='ocrx_word' id='word_1_406' title='bbox 207 3580 259 3644; x_wconf 84' lang='grc'><strong>[16,</strong></span> <span class='ocrx_word' id='word_1_407' title='bbox 277 3582 321 3646; x_wconf 85' lang='grc'><strong>28]</strong></span> <span class='ocrx_word' id='word_1_408' title='bbox 344 3581 399 3631; x_wconf 92' lang='lat' dir='ltr'><strong>Cum</strong></span> <span class='ocrx_word' id='word_1_409' title='bbox 416 3598 458 3630; x_wconf 89' lang='lat' dir='ltr'><strong>nec</strong></span> <span class='ocrx_word' id='word_1_410' title='bbox 468 3581 596 3632; x_wconf 87' lang='lat' dir='ltr'><strong>Lucretiae</strong></span> <span class='ocrx_word' id='word_1_411' title='bbox 613 3598 654 3631; x_wconf 91' lang='lat' dir='ltr'><strong>nec</strong></span> <span class='ocrx_word' id='word_1_412' title='bbox 670 3582 763 3646; x_wconf 92' lang='lat' dir='ltr'><strong>Bruto]</strong></span> <span class='ocrx_word' id='word_1_413' title='bbox 781 3585 856 3635; x_wconf 86' lang='lat' dir='ltr'><strong>Voss.</strong></span> <span class='ocrx_word' id='word_1_414' title='bbox 874 3599 925 3632; x_wconf 89' lang='lat' dir='ltr'><strong>cum</strong></span> <span class='ocrx_word' id='word_1_415' title='bbox 942 3583 968 3631; x_wconf 89' lang='lat' dir='ltr'><strong>in</strong></span> <span class='ocrx_word' id='word_1_416' title='bbox 981 3583 1072 3647; x_wconf 84' lang='lat' dir='ltr'><strong>qratiae</strong></span> <span class='ocrx_word' id='word_1_417' title='bbox 1089 3600 1119 3632; x_wconf 88' lang='grc'><strong>66</strong></span> <span class='ocrx_word' id='word_1_418' title='bbox 1131 3585 1204 3633; x_wconf 88' lang='lat' dir='ltr'><strong>bruto.</strong></span> <span class='ocrx_word' id='word_1_419' title='bbox 1228 3584 1295 3644; x_wconf 81' lang='lat' dir='ltr'><strong>dein,</strong></span> <span class='ocrx_word' id='word_1_420' title='bbox 1377 3573 1379 3585; x_wconf 88' lang='lat'>&#39;</span> 
     </span>
     <span class='ocr_line' id='line_1_40' title="bbox 168 3667 1294 3731; baseline -0.003 -16"><span class='ocrx_word' id='word_1_421' title='bbox 168 3668 269 3728; x_wconf 83' lang='lat' dir='ltr'><strong>fuerant</strong></span> <span class='ocrx_word' id='word_1_422' title='bbox 283 3684 329 3716; x_wconf 89' lang='lat' dir='ltr'><strong>non</strong></span> <span class='ocrx_word' id='word_1_423' title='bbox 346 3667 531 3716; x_wconf 84' lang='lat' dir='ltr'><strong>decernerentur.</strong></span> <span class='ocrx_word' id='word_1_424' title='bbox 553 3670 632 3729; x_wconf 85' lang='lat' dir='ltr'><strong>Lege:</strong></span> <span class='ocrx_word' id='word_1_425' title='bbox 650 3683 702 3715; x_wconf 88' lang='lat' dir='ltr'><strong>cum</strong></span> <span class='ocrx_word' id='word_1_426' title='bbox 713 3667 841 3717; x_wconf 89' lang='lat' dir='ltr'><strong>Lucretiae</strong></span> <span class='ocrx_word' id='word_1_427' title='bbox 857 3684 886 3716; x_wconf 90' lang='lat' dir='ltr'><strong>ac</strong></span> <span class='ocrx_word' id='word_1_428' title='bbox 902 3667 990 3728; x_wconf 88' lang='lat' dir='ltr'><strong>Bruto,</strong></span> <span class='ocrx_word' id='word_1_429' title='bbox 1008 3667 1051 3730; x_wconf 91' lang='lat' dir='ltr'><strong>qui</strong></span> <span class='ocrx_word' id='word_1_430' title='bbox 1065 3667 1206 3731; x_wconf 76' lang='lat' dir='ltr'><strong>expulerant</strong></span> <span class='ocrx_word' id='word_1_431' title='bbox 1220 3682 1294 3730; x_wconf 85' lang='lat' dir='ltr'><strong>reqes,</strong></span> 
     </span>
     <span class='ocr_line' id='line_1_41' title="bbox 168 3748 1294 3814; baseline 0.001 -16"><span class='ocrx_word' id='word_1_432' title='bbox 168 3759 268 3814; x_wconf 82' lang='lat' dir='ltr'><strong>propter</strong></span> <span class='ocrx_word' id='word_1_433' title='bbox 284 3767 340 3814; x_wconf 90' lang='lat' dir='ltr'><strong>quos</strong></span> <span class='ocrx_word' id='word_1_434' title='bbox 356 3751 447 3802; x_wconf 86' lang='lat' dir='ltr'><strong>Cloelia</strong></span> <span class='ocrx_word' id='word_1_435' title='bbox 464 3751 526 3801; x_wconf 89' lang='lat' dir='ltr'><strong>inter</strong></span> <span class='ocrx_word' id='word_1_436' title='bbox 542 3748 632 3799; x_wconf 80' lang='lat' dir='ltr'><strong>obsides</strong></span> <span class='ocrx_word' id='word_1_437' title='bbox 639 3752 736 3813; x_wconf 87' lang='lat' dir='ltr'><strong>suerat,</strong></span> <span class='ocrx_word' id='word_1_438' title='bbox 753 3768 799 3800; x_wconf 86' lang='lat' dir='ltr'><strong>non</strong></span> <span class='ocrx_word' id='word_1_439' title='bbox 816 3751 1001 3801; x_wconf 86' lang='lat' dir='ltr'><strong>decernerentur.</strong></span> <span class='ocrx_word' id='word_1_440' title='bbox 1025 3752 1117 3803; x_wconf 85' lang='lat' dir='ltr'><strong>Statim</strong></span> <span class='ocrx_word' id='word_1_441' title='bbox 1134 3753 1210 3801; x_wconf 84' lang='lat' dir='ltr'><strong>Voss.</strong></span> <span class='ocrx_word' id='word_1_442' title='bbox 1228 3751 1294 3802; x_wconf 83' lang='lat' dir='ltr'><strong>Gnd.</strong></span> 
     </span>
     <span class='ocr_line' id='line_1_42' title="bbox 169 3832 1296 3900; baseline -0.002 -16"><span class='ocrx_word' id='word_1_443' title='bbox 169 3836 241 3886; x_wconf 86' lang='lat' dir='ltr'><strong>Men.</strong></span> <span class='ocrx_word' id='word_1_444' title='bbox 254 3837 335 3886; x_wconf 82' lang='lat' dir='ltr'><strong>Acad.</strong></span> <span class='ocrx_word' id='word_1_445' title='bbox 351 3836 424 3887; x_wconf 88' lang='lat' dir='ltr'><strong>Hanc</strong></span> <span class='ocrx_word' id='word_1_446' title='bbox 433 3836 536 3900; x_wconf 82' lang='lat' dir='ltr'><strong>primam</strong></span> <span class='ocrx_word' id='word_1_447' title='bbox 549 3849 599 3881; x_wconf 90' lang='lat' dir='ltr'><strong>cum</strong></span> <span class='ocrx_word' id='word_1_448' title='bbox 614 3832 718 3884; x_wconf 86' lang='lat' dir='ltr'><strong>Coclitis.</strong></span> <span class='ocrx_word' id='word_1_449' title='bbox 737 3837 789 3885; x_wconf 90' lang='lat' dir='ltr'><strong>scil.</strong></span> <span class='ocrx_word' id='word_1_450' title='bbox 802 3843 892 3885; x_wconf 86' lang='lat' dir='ltr'><strong>statua.</strong></span> <span class='ocrx_word' id='word_1_451' title='bbox 916 3835 957 3886; x_wconf 88' lang='lat' dir='ltr'><strong>Sic</strong></span> <span class='ocrx_word' id='word_1_452' title='bbox 969 3837 1013 3885; x_wconf 89' lang='lat' dir='ltr'><strong>lib.</strong></span> <span class='ocrx_word' id='word_1_453' title='bbox 1027 3840 1067 3896; x_wconf 84' lang='lat'><strong>36,</strong></span> <span class='ocrx_word' id='word_1_454' title='bbox 1080 3841 1093 3884; x_wconf 85' lang='grc'><strong>6</strong></span> <span class='ocrx_word' id='word_1_455' title='bbox 1106 3833 1142 3897; x_wconf 84' lang='grc'><strong>[4,</strong></span> <span class='ocrx_word' id='word_1_456' title='bbox 1154 3834 1209 3897; x_wconf 78' lang='lat' dir='ltr'><strong>lt]:</strong></span> <span class='ocrx_word' id='word_1_457' title='bbox 1222 3850 1296 3898; x_wconf 79' lang='lat' dir='ltr'><strong>nuper</strong></span> 
     </span>
     <span class='ocr_line' id='line_1_43' title="bbox 172 3917 1088 3984; baseline 0 -16"><span class='ocrx_word' id='word_1_458' title='bbox 172 3919 244 3969; x_wconf 91' lang='lat' dir='ltr'><strong>etiam</strong></span> <span class='ocrx_word' id='word_1_459' title='bbox 256 3920 281 3969; x_wconf 89' lang='lat' dir='ltr'><strong>in</strong></span> <span class='ocrx_word' id='word_1_460' title='bbox 293 3920 439 3970; x_wconf 86' lang='lat' dir='ltr'><strong>Lunensium</strong></span> <span class='ocrx_word' id='word_1_461' title='bbox 452 3917 595 3984; x_wconf 84' lang='lat' dir='ltr'><strong>lapicidinis.</strong></span> <span class='ocrx_word' id='word_1_462' title='bbox 614 3918 666 3969; x_wconf 83' lang='lat' dir='ltr'><strong>Sed</strong></span> <span class='ocrx_word' id='word_1_463' title='bbox 676 3920 702 3967; x_wconf 91' lang='lat' dir='ltr'><strong>in</strong></span> <span class='ocrx_word' id='word_1_464' title='bbox 713 3920 840 3969; x_wconf 88' lang='lat' dir='ltr'><strong>Pariorum</strong></span> <span class='ocrx_word' id='word_1_465' title='bbox 853 3919 962 3968; x_wconf 88' lang='lat' dir='ltr'><strong>mirabile</strong></span> <span class='ocrx_word' id='word_1_466' title='bbox 971 3919 1088 3983; x_wconf 87' lang='lat' dir='ltr'><strong>proditur.</strong></span> 
     </span>
    </p>

    <p class='ocr_par' dir='ltr' id='par_1_12' title="bbox 171 3999 1298 4323">
     <span class='ocr_line' id='line_1_44' title="bbox 207 3999 1295 4068; baseline -0.001 -12"><span class='ocrx_word' id='word_1_467' title='bbox 207 4003 261 4066; x_wconf 69' lang='lat' dir='ltr'><strong>[la</strong></span> <span class='ocrx_word' id='word_1_468' title='bbox 275 4004 320 4068; x_wconf 86' lang='grc'><strong>29]</strong></span> <span class='ocrx_word' id='word_1_469' title='bbox 338 4004 402 4054; x_wconf 83' lang='lat' dir='ltr'><strong>Ante</strong></span> <span class='ocrx_word' id='word_1_470' title='bbox 414 4005 473 4053; x_wconf 84' lang='lat' dir='ltr'><strong>euim</strong></span> <span class='ocrx_word' id='word_1_471' title='bbox 485 4003 531 4052; x_wconf 89' lang='lat' dir='ltr'><strong>sibi</strong></span> <span class='ocrx_word' id='word_1_472' title='bbox 541 4019 571 4051; x_wconf 91' lang='lat' dir='ltr'><strong>ac</strong></span> <span class='ocrx_word' id='word_1_473' title='bbox 583 4002 691 4068; x_wconf 75' lang='lat' dir='ltr'><strong>Sibyllae</strong></span> <span class='ocrx_word' id='word_1_474' title='bbox 706 3999 873 4066; x_wconf 84' lang='lat' dir='ltr'><strong>Tarquinium]</strong></span> <span class='ocrx_word' id='word_1_475' title='bbox 892 4005 1047 4056; x_wconf 87' lang='lat' dir='ltr'><strong>Redundare</strong></span> <span class='ocrx_word' id='word_1_476' title='bbox 1059 4001 1089 4053; x_wconf 84' lang='grc' dir='ltr'><strong>τὸ</strong></span> <span class='ocrx_word' id='word_1_477' title='bbox 1102 4003 1149 4053; x_wconf 86' lang='lat' dir='ltr'><strong>sibi</strong></span> <span class='ocrx_word' id='word_1_478' title='bbox 1164 4019 1196 4053; x_wconf 91' lang='lat' dir='ltr'><strong>ex</strong></span> <span class='ocrx_word' id='word_1_479' title='bbox 1208 4006 1295 4055; x_wconf 89' lang='lat' dir='ltr'><strong>arche-</strong></span> 
     </span>
     <span class='ocr_line' id='line_1_45' title="bbox 172 4086 1295 4153; baseline -0.001 -14"><span class='ocrx_word' id='word_1_480' title='bbox 172 4097 234 4153; x_wconf 80' lang='lat' dir='ltr'><strong>type</strong></span> <span class='ocrx_word' id='word_1_481' title='bbox 245 4105 291 4140; x_wconf 92' lang='lat' dir='ltr'><strong>suo</strong></span> <span class='ocrx_word' id='word_1_482' title='bbox 304 4091 389 4140; x_wconf 85' lang='lat' dir='ltr'><strong>statuit</strong></span> <span class='ocrx_word' id='word_1_483' title='bbox 402 4091 542 4139; x_wconf 80' lang='lat' dir='ltr'><strong>Pincianus.</strong></span> <span class='ocrx_word' id='word_1_484' title='bbox 560 4090 637 4139; x_wconf 88' lang='lat' dir='ltr'><strong>Voss.</strong></span> <span class='ocrx_word' id='word_1_485' title='bbox 649 4087 707 4136; x_wconf 80' lang='lat' dir='ltr'><strong>Atto</strong></span> <span class='ocrx_word' id='word_1_486' title='bbox 724 4088 783 4136; x_wconf 89' lang='lat' dir='ltr'><strong>enim</strong></span> <span class='ocrx_word' id='word_1_487' title='bbox 796 4104 825 4136; x_wconf 91' lang='lat' dir='ltr'><strong>ac</strong></span> <span class='ocrx_word' id='word_1_488' title='bbox 836 4086 943 4138; x_wconf 80' lang='lat' dir='ltr'><strong>Sibullae</strong></span> <span class='ocrx_word' id='word_1_489' title='bbox 959 4086 1122 4150; x_wconf 86' lang='lat' dir='ltr'><strong>Tarquinium.</strong></span> <span class='ocrx_word' id='word_1_490' title='bbox 1141 4087 1201 4139; x_wconf 89' lang='lat' dir='ltr'><strong>Sine</strong></span> <span class='ocrx_word' id='word_1_491' title='bbox 1219 4089 1295 4138; x_wconf 90' lang='lat' dir='ltr'><strong>dubio</strong></span> 
     </span>
     <span class='ocr_line' id='line_1_46' title="bbox 172 4173 1298 4237; baseline 0.003 -16"><span class='ocrx_word' id='word_1_492' title='bbox 172 4174 276 4224; x_wconf 87' lang='lat' dir='ltr'><strong>rectius:</strong></span> <span class='ocrx_word' id='word_1_493' title='bbox 292 4189 352 4223; x_wconf 91' lang='lat' dir='ltr'><strong>nam</strong></span> <span class='ocrx_word' id='word_1_494' title='bbox 369 4175 434 4224; x_wconf 87' lang='lat' dir='ltr'><strong>Atto</strong></span> <span class='ocrx_word' id='word_1_495' title='bbox 447 4176 533 4226; x_wconf 78' lang='lat' dir='ltr'><strong>Navio.</strong></span> <span class='ocrx_word' id='word_1_496' title='bbox 547 4181 572 4224; x_wconf 90' lang='lat' dir='ltr'><strong>et</strong></span> <span class='ocrx_word' id='word_1_497' title='bbox 584 4173 697 4237; x_wconf 80' lang='lat' dir='ltr'><strong>Sibyllae</strong></span> <span class='ocrx_word' id='word_1_498' title='bbox 715 4179 810 4223; x_wconf 89' lang='lat' dir='ltr'><strong>statuas</strong></span> <span class='ocrx_word' id='word_1_499' title='bbox 827 4173 995 4236; x_wconf 84' lang='lat' dir='ltr'><strong>aTa1·qnini0</strong></span> <span class='ocrx_word' id='word_1_500' title='bbox 1013 4173 1108 4237; x_wconf 86' lang='lat' dir='ltr'><strong>positas</strong></span> <span class='ocrx_word' id='word_1_501' title='bbox 1125 4174 1173 4222; x_wconf 84' lang='lat' dir='ltr'><strong>iarn</strong></span> <span class='ocrx_word' id='word_1_502' title='bbox 1192 4175 1257 4224; x_wconf 84' lang='lat' dir='ltr'><strong>dixit</strong></span> <span class='ocrx_word' id='word_1_503' title='bbox 1273 4182 1298 4224; x_wconf 89' lang='lat' dir='ltr'><strong>et</strong></span> 
     </span>
     <span class='ocr_line' id='line_1_47' title="bbox 171 4255 740 4323; baseline -0.002 -16"><span class='ocrx_word' id='word_1_504' title='bbox 171 4258 332 4322; x_wconf 87' lang='lat' dir='ltr'><strong>praecedenti</strong></span> <span class='ocrx_word' id='word_1_505' title='bbox 344 4260 426 4323; x_wconf 90' lang='lat' dir='ltr'><strong>capite</strong></span> <span class='ocrx_word' id='word_1_506' title='bbox 439 4267 553 4310; x_wconf 83' lang='lat' dir='ltr'><strong>extrema</strong></span> <span class='ocrx_word' id='word_1_507' title='bbox 567 4257 621 4321; x_wconf 93' lang='grc'><strong>[11,</strong></span> <span class='ocrx_word' id='word_1_508' title='bbox 634 4264 673 4308; x_wconf 89' lang='grc'><strong>21.</strong></span> <span class='ocrx_word' id='word_1_509' title='bbox 687 4255 740 4319; x_wconf 89' lang='grc'><strong>22].</strong></span> 
     </span>
    </p>
   </div>
   <div class='ocr_carea' id='block_1_4' title="bbox 0 0 1472 4794">
    <p class='ocr_par' dir='ltr' id='par_1_13' title="bbox 0 0 1472 4794">
     <span class='ocr_line' id='line_1_48' title="bbox 0 0 1472 4794; baseline 0 0"><span class='ocrx_word' id='word_1_510' title='bbox 0 0 1472 4794; x_wconf 95' lang='lat' dir='ltr'><strong> </strong></span> 
     </span>
    </p>
   </div>
  </div>
 </body>
</html>
