2918 4794
537 307 642 349 aaran
658 307 701 349 sn
715 307 800 350 uma.
814 307 929 349 xxx1v.
1252 287 1292 352 89

204 457 258 522 [19,
272 455 317 520 82]
341 455 465 510 Scitantee
475 456 614 517 Lacaenae,
633 457 779 507 emendatum
791 455 859 521 οριιι]
883 457 977 522 Aptius
988 458 1088 520 legetur
1100 457 1292 519 commendatum,

169 559 247 608 quam
268 541 428 602 emendatum,
448 543 532 605 inquit
552 543 662 593 Pintian.
692 544 768 593 Haud
790 558 838 606 ego
859 544 901 591 vel
920 544 954 592 ob
974 556 1053 591 unum
1073 543 1187 592 Petronii
1207 544 1294 592 locum

170 623 327 693 [oap.126]:
354 625 468 690 murique
488 625 596 690 adplicat
615 643 665 675 meo
685 625 805 675 mulierem
825 626 930 675 omnibus
950 624 1085 675 simulacris
1105 625 1293 677 emendatiorem.

169 711 221 762 Seu
233 719 348 774 utsupra
359 711 458 761 Plinius
473 708 526 772 [le,
539 709 596 772 58]:
611 708 729 774 Capillum
741 725 832 773 quoque
843 717 866 758 et
875 710 959 772 pubem
972 725 1017 758 non
1029 709 1275 775 emendatiusfecrsse.

206 790 294 856 [loia]
318 793 442 844 Nascatur
455 801 503 842 tam
515 794 585 842 inane
597 792 738 858 exemplum]
757 795 801 845 Sic
813 802 838 843 et
850 795 927 844 Voss.
946 795 1086 856 Pincianus,
1099 794 1197 858 insipne.
1214 795 1292 857 Lege,

170 887 219 928 tam
235 879 338 926 immane
354 875 490 942 exemplum.
513 879 558 928 lib.
576 884 617 939 22,
635 885 651 929 2
673 876 791 941 [corrigm
815 884 856 939 22,
874 883 915 938 22,
934 884 974 939 46,
993 876 1050 940 92];
1078 877 1163 928 boletos
1183 877 1293 928 immenso

169 961 274 1026 aanplo
289 961 315 1010 in
330 962 417 1011 crimen
434 960 557 1023 adductos,
575 978 660 1011 veneno
680 962 719 1012 Ti.
745 960 844 1011 Claudio
857 961 968 1025 principi
977 978 1024 1026 per
1035 962 1097 1011 banc
1108 961 1250 1012 occasionem
1263 963 1293 1011 ab

168 1047 267 1112 coniuqe
284 1045 341 1095 dato
357 1046 502 1110 Aprippina.
528 1047 573 1096 lib.
591 1052 632 1108 28,
649 1054 664 1097 2
683 1044 720 1109 [3,
739 1045 793 1108 12]:
814 1047 899 1096 Durat
915 1046 1026 1096 immenso
1043 1045 1147 1110 exemplo
1164 1046 1293 1098 Deciorum

165 1131 248 1195 patrie
261 1130 360 1194 filiique,
377 1147 424 1194 quo
439 1147 464 1179 se
481 1129 601 1192 dwouve,
620 1147 722 1180 carmen.
746 1132 790 1180 lib.
803 1138 843 1193 30,
858 1138 873 1181 2
887 1130 923 1193 [5,
938 1129 993 1193 15]ε
1015 1131 1156 1180 Immensum
1167 1140 1190 1181 et
1201 1131 1293 1181 indubi-

170 1222 244 1265 tatum
256 1213 385 1279 exemplum
398 1213 523 1278 estfalrae
534 1216 604 1277 artis,
616 1231 687 1278 quam
699 1214 825 1278 dereliquit
836 1215 910 1265 Nero.

204 1298 269 1350 (lar.
280 1300 315 1349 X.
333 1296 386 1361 [22,
402 1298 462 1361 101]
484 1298 521 1348 Et
537 1300 567 1348 ab
584 1316 609 1348 eo
626 1307 764 1364 arqumento
781 1299 879 1364 botrptis
894 1299 1069 1364 coquominata]
1094 1301 1170 1352 Voss.
1188 1302 1294 1351 camaris

169 1382 302 1448 depmdens
317 1392 340 1432 et
355 1384 387 1432 ab
404 1399 430 1432 eo
446 1392 584 1447 arpumento
601 1383 720 1448 botryonis
731 1384 862 1434 nominata.
884 1384 1016 1449 Botryones
1032 1395 1058 1436 et
1073 1387 1176 1451 Menap.
1193 1388 1293 1437 Acade·

168 1469 251 1518 micus
263 1467 453 1531 Gudianusque,
466 1471 511 1519 scd
523 1477 548 1518 et
559 1469 683 1518 Pintiaai:
701 1468 763 1532 ipse,
781 1476 811 1519 ut
821 1469 984 1530 Hermolaus,
996 1468 1123 1534 Botrpitrs.

203 1549 257 1613 [22,
276 1549 335 1614 103]
363 1551 489 1602 Ostracitis
510 1560 560 1601 tota
580 1552 652 1616 niqra
672 1560 696 1600 et
716 1559 863 1601 caeterarum
884 1551 1062 1615 sordidissima]
1091 1555 1166 1604 Voss.
1185 1555 1292 1604 caeteris.

168 1635 247 1698 Lege,
259 1635 330 1700 niqra
342 1652 354 1684 e
366 1636 467 1686 caeteris
478 1636 653 1687 sordidissima.

203 1719 268 1770 Gar.
280 1721 329 1771 XI.
349 1719 402 1783 [26,
423 1720 483 1783 108]
509 1719 613 1770 Credunt
627 1720 746 1785 seplasiae
763 1738 794 1769 ea
811 1722 917 1771 omnibus
934 1721 1026 1785 quidem
1040 1723 1174 1786 fraudibus
1190 1739 1293 1772 corrum-

165 1801 245 1867 ponti]
262 1804 340 1856 Voss.
353 1805 450 1854 credunt
461 1804 598 1869 simplasiae
610 1805 826 1869 omniafraudibus
837 1807 994 1869 corrumpenti
1003 1807 1051 1855 iam
1063 1806 1165 1870 quidem,
1174 1807 1293 1870 factaque

168 1887 301 1952 emplastra
315 1897 339 1937 et
353 1888 455 1954 collyria
472 1898 614 1939 mercantur.
637 1890 750 1940 Pintiani
762 1905 863 1953 quoque
875 1893 965 1953 codex,
983 1889 1100 1954 sepladas
1111 1891 1199 1939 omnia.
1222 1893 1291 1941 Men.

168 1971 237 2022 Gud.
249 1973 332 2023 Acad.
344 1971 442 2023 aedunt
452 1973 540 2037 simpla
551 1973 594 2022 sed
605 1974 687 2036 (Meu.
700 1971 748 2036 set)
761 1989 791 2022 ea
802 1974 907 2022 cruribus
918 1991 941 2037 q.

204 2053 258 2118 [28,
277 2054 337 2119 111]
364 2057 481 2122 Ocpssime
498 2075 552 2107 vero
569 2058 687 2107 contrabit
704 2074 842 2107 coronarum
863 2060 997 2123 compleam
1013 2057 1185 2121 recisamentis]
1210 2059 1292 2109 Acad.

168 2141 238 2190 Men.
250 2139 317 2203 aaa.
338 2141 379 2192 Oc.
397 2159 418 2191 v.
435 2141 550 2206 continqit
567 2143 672 2192 tenacior
687 2142 857 2192 recisamentis.
880 2144 956 2194 Voss.
977 2143 1094 2208 Ocpssime
1112 2160 1167 2192 vero
1179 2142 1293 2207 condnfit

168 2223 344 2273 eorormrsbrum
355 2226 514 2274 recisamentis
526 2225 551 2274 in
562 2216 653 2276 doctum
665 2225 764 2276 additis.
784 2227 895 2290 Optime.
911 2225 1032 2292 Continqit
1042 2235 1081 2278 est
1092 2228 1187 2289 existit,
1198 2241 1291 2291 nempe

169 2320 273 2370 aerugo-
294 2309 414 2360 Dixerat:
426 2307 556 2375 Aeruqinis
567 2327 658 2374 quoque
670 2327 769 2375 maqnus
780 2327 843 2360 usus.
861 2310 905 2359 sed
917 2309 1025 2374 pluribus
1036 2311 1104 2373 eaflt
1115 2311 1197 2361 modis.
1219 2308 1291 2360 Coro·

169 2389 247 2452 narii,
265 2392 309 2455 qui
326 2407 432 2444 coronas
449 2394 553 2446 faciunt.
576 2396 620 2444 lib.
640 2400 680 2456 21,
697 2402 712 2445 2
732 2392 768 2457 [3,
782 2392 822 2457 4]:
845 2394 947 2459 Sicyone
963 2395 1055 2459 inqenio
1072 2395 1179 2445 Pausiae
1193 2395 1292 2458 pictoris

168 2481 240 2537 atque
254 2472 371 2540 Glycerae
382 2478 522 2526 coronariae
534 2477 633 2528 dilectae
644 2478 687 2528 illi.
709 2481 810 2528 Eodem
828 2480 871 2528 lib.
884 2495 939 2542 cap.
953 2485 967 2529 9
986 2477 1039 2542 [30,
1054 2477 1110 2541 54]:
1133 2478 1179 2528 alii
1192 2477 1291 2542 ambul·

169 2556 225 2618 don,
241 2558 330 2608 maim
338 2559 411 2624 folio,
429 2579 475 2624 quo
490 2571 587 2612 utuntur
604 2563 731 2613 coronarii.
749 2562 1017 2629 etcap.12[esccap.
1033 2571 1072 2626 ll,
1085 2569 1126 2625 39,
1140 2562 1198 2625 68]ι
1218 2561 1288 2613 (loro-

168 2639 235 2689 narii
243 2639 337 2704 quidem
349 2651 372 2691 et
382 2645 465 2708 spinae
469 2647 535 2709 flore
547 2656 650 2698 utuntur.

202 2725 267 2776 (las.
279 2727 356 2777 XIII.
375 2727 428 2791 [34,
444 2731 503 2794 130]
525 2732 658 2782 Levissime
673 2733 732 2782 baec
748 2733 843 2795 efflatur
858 2743 881 2783 et
892 2733 956 2783 ocius
967 2732 1099 2798 evolatque]
1122 2735 1204 2785 Aac.
1222 2731 1289 2781 leuu-

167 2806 226 2857 cirno
233 2809 302 2872 flatu
313 2811 390 2861 evolem
405 2830 417 2862 e
426 2815 577 2879 fornacibus,
594 2827 624 2868 ut
635 2827 661 2868 et
672 2821 743 2869 Men.
756 2828 781 2869 et
794 2820 869 2880 (tud,
881 2821 930 2870 nisi
942 2821 1012 2884 quod
1024 2818 1152 2882 evolatque.
1170 2819 1288 2878 Pintiani,

169 2888 306 2943 mnam
318 2894 360 2945 boc
371 2897 466 2957 ffatur
477 2908 500 2947 et
511 2902 578 2950 otius.
601 2902 676 2952 Voss.
693 2901 849 2950 Levissimum
866 2902 909 2950 boc
920 2911 955 2952 est
963 2903 1074 2965 flaturae
1086 2903 1158 2952 tutius
1169 2901 1290 2965 evolatque

167 2982 191 3023 et
192 2974 338 3038 funambus
349 2987 372 3028 et
384 2982 448 3032 tectis
459 2982 616 3032 adhaerescit.
629 2985 723 3044 Scribe,
734 2983 825 3033 loturae
835 2985 912 3033 tunm.
924 2987 992 3035 Nam
1001 3002 1078 3049 supra
1089 2985 1142 3047 [33,
1152 2985 1211 3047 128]
1221 3002 1288 3048 pom-

164 3057 256 3125 pltolqn
265 3059 344 3111 blara
352 3071 465 3127 paratur.
483 3066 526 3115 lib.
537 3072 578 3127 33,
591 3073 604 3117 7
618 3065 671 3127 [37,
683 3064 755 3128 114];
768 3064 814 3115 alii
823 3066 919 3114 minium
927 3067 1025 3129 faciunt
1033 3067 1114 3130 prima
1127 3068 1211 3117 lotura.
1230 3071 1289 3118 Hoc

166 3143 210 3193 lib.
223 3151 265 3208 34,
279 3152 310 3196 18
327 3145 466 3210 [⁵o‚1ee]:
489 3151 532 3198 Fit
549 3157 572 3198 et
587 3150 665 3199 lotura
679 3149 780 3213 plurimi
795 3166 851 3198 usus
866 3151 891 3198 in
907 3149 1030 3200 medicina.
1059 3154 1125 3202 Mox
1143 3149 1196 3213 [31,
1216 3150 1288 3213 1³0]:

171 3226 242 3286 Qteod
256 3246 310 3280 vero
321 3231 475 3281 rubicundius
491 3250 520 3282 ee
535 3233 701 3295 insinuentur,
719 3233 835 3283 acriorem
847 3234 894 3282 vim
911 3233 981 3282 babet
997 3233 1160 3297 annuatque
1171 3233 1238 3294 adeo,
1255 3243 1287 3296 nt,
1360 3285 1365 3290 ,

166 3327 218 3360 erun
230 3311 332 3378 lavaur,
344 3317 368 3364 si
377 3315 455 3365 ocubs
466 3317 554 3380 acepit,
567 3326 680 3367 encaeoet.
700 3319 742 3369 Sic
753 3319 839 3379 Voss,
853 3333 905 3367 non
917 3317 1028 3382 atdnqot.
1046 3319 1104 3368 Hoc
1116 3320 1193 3382 igitur
1204 3320 1288 3370 minus

166 3403 250 3447 tutam
260 3398 369 3450 loturae.
388 3401 550 3451 Vocabulum
562 3405 601 3452 bis
614 3402 693 3452 habes
704 3403 770 3452 infra
781 3417 836 3466 cap.
852 3409 882 3454 18
897 3401 949 3465 [50‚
965 3407 1012 3454 168
1025 3412 1051 3453 ct
1064 3401 1133 3464 170].

201 3477 255 3543 [34,
269 3481 329 3545 131]
352 3483 445 3548 Diyitis
460 3486 599 3535 scamiciem
616 3485 732 3549 aurunt]
756 3485 874 3546 Quatuor
888 3490 968 3538 nostri
986 3497 1015 3539 ut
1026 3490 1137 3539 Pintian.
1155 3489 1287 3538 scabriciae

166 3574 329 3616 eaceruuntur.

200 3647 254 3711 [37,
268 3649 329 3714 136]
351 3651 385 3701 Id
399 3652 464 3716 quod
478 3663 571 3704 excocto
587 3657 697 3718 supersit,
716 3654 843 3721 drpbrppes
855 3655 949 3718 vocare]
973 3658 1049 3709 Voss.
1067 3657 1095 3706 id
1109 3659 1173 3721 quod
1183 3675 1213 3707 ev
1224 3667 1287 3707 cocto

165 3733 271 3797 superfit,
283 3735 403 3802 dipbryqa
414 3746 505 3788 uocant.
523 3740 630 3790 Plautus
643 3741 732 3791 Sticho
747 3739 783 3803 [4‚
797 3746 871 3802 2,12.
884 3757 946 3792 vers.
958 3746 1015 3792 592.
1027 3742 1174 3805 sinonem:
1183 3741 1285 3806 Edepol,

166 3825 187 3864 te
198 3834 275 3868 vocem
288 3819 391 3883 libenter,
409 3821 433 3870 si
442 3822 558 3886 superfiat
570 3822 641 3875 locus.
659 3827 741 3876 Acad.
754 3840 864 3889 quoque,
883 3822 1003 3890 de'qrbryqa
1015 3834 1106 3876 vocant.
1125 3826 1176 3877 sec
1189 3824 1284 3891 deppa-

164 3899 215 3966 γὲς
225 3905 396 3957 Dioscorides.

198 3988 263 4039 (tar.
280 3990 347 4041 XIV
348 4027 354 4040 .
373 3989 426 4053 [³9,
442 3989 501 4053 139]
529 3991 569 4042 Ne
574 3994 647 4056 ferro
662 3994 711 4044 nisi
726 3994 751 4044 in
768 3993 917 4060 apricuitnra
932 3994 1062 4057 uterentur]
1086 3997 1167 4046 Acad.
1185 3997 1210 4045 in
1226 4013 1286 4063 apro

163 4069 233 4122 culto.
256 4072 324 4123 (Iud.
342 4082 367 4123 et
379 4077 448 4124 Meu.
466 4075 490 4124 in
507 4091 567 4140 apro
582 4076 652 4127 cultu.
679 4078 755 4128 Voss.
773 4078 798 4126 in
814 4077 870 4141 apri
885 4077 956 4128 cultu.
985 4080 1019 4129 Et
1037 4081 1087 4128 hoc
1102 4081 1187 4130 Plinii.
1210 4081 1286 4133 Libet

163 4157 231 4206 euim
248 4158 349 4208 disertis
365 4160 411 4209 illa
428 4161 553 4211 tralaticia
570 4164 675 4213 venare.
699 4163 790 4213 Cicero
808 4165 851 4213 lib.
870 4171 885 4214 3
905 4161 961 4225 [97]
980 4164 1007 4212 in
1025 4165 1144 4216 Verrem:
1170 4165 1236 4223 Quid
1252 4175 1286 4215 est

164 4239 224 4289 enim
236 4240 331 4304 Sicilia
343 4243 367 4291 si
377 4243 401 4292 ei
410 4244 467 4308 apri
477 4243 598 4295 cainonem
610 4246 750 4298 scammis?
