2918 4794
607 306 853 352 noesseltum.
1196 306 1291 349 XXXV

212 458 293 523 Inde
316 457 459 523 eiusdem
486 457 589 522 lineas
616 457 691 543 plus
719 454 826 520 minus
851 454 973 520 vicenis
1000 453 1163 537 quaternis
1190 452 1293 519 literis

169 567 351 636 constitisse
373 567 587 646 aestimamus,
617 589 700 651 quae
720 565 903 633 coniectura
924 575 957 629 et
978 563 1049 629 aliis
1069 563 1193 629 lacunis
1215 586 1291 648 pro·

168 679 274 745 batur.
302 675 385 742 Nam
401 687 570 764 praeterea
590 676 789 761 antiquarius
811 699 844 762 p.
859 677 968 755 211,8
990 675 1097 740 omisit
1118 676 1159 740 53
1180 674 1291 739 literas

168 789 219 854 vel
233 788 315 853 duos
329 809 452 867 versus,
474 809 507 872 p.
524 788 597 865 245,
614 788 644 865 6,
667 787 708 852 66
728 784 841 852 literas
854 787 907 852 vel
921 796 986 852 tres
999 787 1078 865 fere,
1100 809 1133 872 p.
1149 785 1221 862 210,
1239 784 1290 861 13,

169 900 230 965 103
251 897 360 964 literas
381 898 432 963 vel
451 907 603 982 quattuor
623 896 789 983 archetypi
817 918 938 962 versus.
976 894 1070 978 Quae
1091 917 1165 961 cum
1185 895 1231 960 ita
1257 915 1291 959 se

166 1008 314 1086 habeant,
335 1007 506 1074 verisimile
526 1018 575 1074 est
595 1007 685 1074 illum

209 1141 242 1204 p.
287 1120 339 1197 67,
362 1121 382 1185 8
403 1119 506 1184 literis
527 1120 570 1185 30
590 1117 719 1185 omissis
743 1121 760 1183 1
783 1139 914 1184 versum
935 1127 968 1181 et
978 1126 1136 1200 quartam
1157 1125 1280 1202 partem

208 1230 381 1316 P·187‚2
445 1277 467 1306 aa
524 1229 566 1294 35
652 1275 674 1307 59
738 1277 760 1307 rr
846 1276 869 1306 ar
935 1276 956 1304 rr
986 1225 1150 1292 dimidiam

208 1363 240 1426 P·
264 1339 380 1416 150,2
445 1386 465 1416 rr
523 1340 565 1404 35
651 1387 672 1418 n
738 1387 758 1416 rr
845 1386 865 1417 rr
932 1385 952 1414 rr

209 1471 241 1535 P'
286 1450 375 1528 73,]
445 1497 465 1528 ’5
523 1450 565 1514 36
651 1496 671 1526 92
737 1497 758 1525 99
845 1497 866 1526 59
932 1495 952 1524 52
1060 1495 1081 1524 95

207 1560 378 1646 p·15⁷‚2
443 1608 465 1638 ‚‚
523 1561 566 1624 40
651 1607 671 1638 ,,
738 1607 758 1636 ,,
846 1606 866 1635 ,,
932 1556 1188 1641 „duasparas

208 1671 376 1755 p.205‚l
443 1717 464 1748 2,
520 1672 562 1733 42
648 1717 670 1748 ‚a
736 1717 757 1746 n
844 1715 853 1744 r
930 1715 949 1745 st
1009 1715 1030 1746 rr
1118 1715 1140 1745 rr

166 1778 331 1865 archetypi
357 1779 549 1865 neglexisse.
588 1779 750 1860 Quoniam
776 1791 884 1844 autem
913 1777 1009 1843 huius
1036 1776 1139 1842 lineae
1169 1778 1289 1844 vicenis

165 1890 328 1972 quaternis
348 1889 451 1954 literis
473 1900 625 1955 exaratae
641 1901 743 1967 erant,
768 1889 977 1975 perspicuum
997 1900 1047 1953 est
1067 1888 1195 1953 unicam
1218 1898 1288 1952 tan-

166 2011 233 2064 tum
255 1998 438 2065 exhibuisse
460 2000 650 2065 columnam.

207 2107 326 2174 Literis
354 2109 539 2175 maiusculis
566 2109 733 2194 quadratis
760 2110 1023 2196 compendiisque
1046 2107 1206 2175 scribendi
1226 2107 1284 2173 im·

166 2217 276 2281 mixtis
299 2217 453 2305 siglisque
475 2218 627 2283 adhibitis
648 2218 864 2303 conscriptum
878 2220 977 2285 fuisse
992 2218 1202 2302 archetypum
1218 2219 1288 2304 ple-

165 2325 257 2409 rique
279 2326 410 2404 codicis,
433 2348 530 2410 quem
551 2348 610 2391 nos
625 2335 783 2404 tenemus,
806 2304 932 2392 errores
946 2325 1096 2411 probant,
1117 2326 1288 2411 dequibus

165 2435 230 2500 iam
252 2456 352 2520 supra
373 2435 592 2515 disseruimus,
621 2436 687 2502 vid.
710 2440 724 2522 ξ
746 2439 774 2500 7.
793 2460 825 2522 p.
847 2460 930 2501 xxu.
966 2435 1063 2502 Nullo
1085 2435 1179 2501 modo
1203 2437 1287 2501 enim

165 2544 479 2631 antiquariustpro
502 2571 532 2624 c,
553 2549 582 2634 f
597 2569 657 2634 pro
679 2569 710 2624 e,
739 2550 841 2632 cipro
862 2566 1021 2632 p,apro
1043 2560 1069 2626 t,
1098 2558 1289 2632 aprovet

163 2657 234 2722 vice
247 2678 341 2721 versa
353 2657 525 2743 posuisset,
544 2656 607 2722 nisi
621 2656 735 2722 harum
749 2657 912 2722 literarum
928 2656 1168 2723 similitudinem
1183 2679 1287 2742 quan-

164 2766 239 2831 dam
259 2766 294 2830 in
316 2766 425 2833 codice
446 2767 669 2853 antiquissimo
690 2778 764 2832 ante
785 2769 895 2834 oeulos
922 2767 1098 2847 habuisset,
1123 2789 1207 2853 quae
1235 2791 1287 2834 so-

163 2875 326 2941 lummodo
340 2876 375 2941 in
390 2877 548 2964 scriptura
561 2878 738 2944 maiuscula
752 2879 910 2963 quadrata
924 2878 1056 2956 obtinet,
1071 2878 1162 2943 cuius
1176 2878 1288 2944 literae

169 2984 243 3050 [et
257 2985 394 3064 L,Fet
407 2986 448 3065 E,
471 2986 503 3052 D
519 2997 550 3051 et
563 2986 603 3063 P,
630 2987 704 3053 [et
718 2988 757 3067 T,
780 2987 1013 3054 NetVfacile
1036 2988 1285 3053 confunduntur.

210 3090 299 3173 Quin
322 3095 419 3158 etiam
439 3094 540 3158 fiterio
561 3096 687 3181 graecis
709 3099 883 3184 peregrina
904 3097 1033 3162 nomina
1053 3097 1088 3161 in
1110 3096 1286 3183 archetypo

165 3202 247 3268 libro
270 3211 399 3269 exarata
419 3202 520 3268 fuisse
542 3226 731 3291 persuasum
745 3204 931 3284 habeamus,
954 3206 1042 3291 quod
1055 3229 1119 3272 non
1135 3207 1238 3272 solum
1252 3208 1286 3272 in

165 3312 291 3399 graecis
318 3311 453 3378 vocibus
479 3324 592 3400 postr
617 3316 638 3379 Ιι
665 3314 849 3396 adhibetur,
878 3326 915 3381 ut
931 3317 1074 3404 pyrrhae
1102 3341 1134 3404 p.
1156 3319 1209 3396 44,
1233 3320 1285 3397 22,

166 3437 198 3489 et
219 3424 408 3509 plerumque
427 3449 450 3511 y
471 3425 617 3510 ponitur,
646 3424 704 3491 ubi
726 3424 844 3492 Graeci
867 3449 884 3488 o
908 3427 1061 3505 scribunt,
1084 3438 1120 3492 ut
1135 3429 1286 3514 philyrae

165 3555 198 3618 p.
215 3535 287 3613 146,
304 3536 356 3612 24,
379 3544 411 3599 et
425 3560 457 3614 a,
472 3534 530 3599 ubi
544 3535 656 3601 Latini
670 3561 713 3616 m,
729 3548 766 3600 ut
780 3537 919 3602 horaeon
934 3559 967 3622 p.
981 3538 1031 3616 13,
1046 3540 1094 3616 13,
1118 3537 1286 3602 sedetiam

164 3644 252 3727 quod
279 3668 302 3709 a
329 3667 388 3730 pro
417 3645 453 3709 ch
480 3645 676 3725 invenimus,
713 3647 808 3711 bacio
837 3669 896 3732 pro
924 3648 1053 3712 bacchio
1081 3671 1113 3734 p.
1138 3647 1209 3725 181,
1234 3650 1285 3726 17,

165 3774 260 3836 quem
288 3775 427 3819 errorem
453 3777 494 3818 ex
522 3777 637 3842 graece
666 3756 788 3840 scripto
814 3755 969 3822 vocabulo
990 3754 1117 3841 Βακχίῳ
1140 3766 1286 3822 exortum

166 3883 236 3927 esse
258 3885 353 3929 nemo
374 3885 439 3928 non
461 3852 623 3929 concedet.

208 3969 247 4034 In
268 3973 442 4061 archetypo
456 3972 568 4039 literae
583 3998 614 4038 m
630 3984 660 4040 et
675 4002 694 4039 a
716 3998 780 4040 una
801 3976 977 4060 eademque
998 3974 1114 4041 lineola
1136 3977 1205 4042 voci
1223 3977 1284 4043 im·

164 4079 270 4168 posita
292 4081 490 4170 significatae
518 4083 617 4150 fuisse
644 4085 807 4164 videntur,
834 4107 935 4170 quare
957 4086 1157 4170 antiquarius
1182 4088 1284 4154 inter·

165 4188 242 4253 dum
256 4214 288 4254 m
301 4214 360 4277 pro
374 4218 396 4256 a
410 4192 529 4277 posuit,
551 4204 587 4258 ut
604 4194 788 4262 afferamus:
813 4200 982 4262 cumveniet
1002 4220 1034 4282 p.
1052 4198 1123 4277 119,
1141 4201 1191 4278 11,
1214 4223 1285 4264 am-

1065 4318 1082 4351 ff
