2918 4794
524 311 629 354 uersu
645 311 688 351 su
703 310 787 351 omn.
802 309 897 350 xxrx.
1233 288 1272 352 59

153 462 236 510 bondo
247 463 440 519 medicamento,
458 475 509 523 qao
526 474 601 523 saepo
613 461 746 522 contingit,
763 472 816 508 non
827 468 856 508 ut
867 460 888 509 is
900 459 1002 508 interim
1015 459 1150 518 civitatem,
1169 463 1213 511 sed
1225 470 1274 511 sto-

154 547 197 594 tim
212 547 290 595 vitam
301 545 414 594 amittat!
432 546 474 594 Ex
486 541 588 593 Miscell.
602 558 626 606 p.
640 540 796 604 850...852.]

188 629 252 679 Cur.
259 629 306 678 IV.
314 627 367 691 [20,
375 624 418 688 68]
433 626 549 684 Quoniam
560 625 617 675 haec
628 628 757 674 morborum
767 626 880 691 ueneficio
888 625 953 689 sunt]
968 626 1050 687 Quem
1060 641 1162 676 sensum
1171 628 1275 688 babeat,

154 727 205 762 non
215 715 298 762 video:
311 712 356 761 etsi
366 710 479 772 veneficia
487 726 533 774 pro
544 725 582 770 so,
593 711 663 773 quod
672 718 725 760 erat
733 710 854 772 benficia,
864 712 1001 760 restituerit
1009 711 1170 760 Hermolaus.
1190 709 1276 762 Scribe

154 811 212 845 cum
220 797 296 846 Voss.
307 808 368 858 quae
378 794 512 858 coaryus'sse
524 811 570 843 non
582 795 658 843 minus
669 795 755 857 reseret
764 792 792 856 (i.
803 810 833 856 e.‚
843 806 957 859 utsupra
967 791 1144 856 [ts‚s‚s‚1o]‚
1157 796 1276 857 proderit,

153 880 215 929 utile
232 881 285 930 crit.
303 880 392 941 Vulgo
408 879 490 942 refert.
508 882 552 929 sed
565 879 640 929 Voss.
653 877 765 942 referret)
783 895 854 940 quam
872 878 995 928 contraria
1010 878 1156 942 serpentibus
1170 876 1277 926 remedia

153 962 330 1024 demonstrasse,
343 962 452 1026 quoniam
466 961 557 1010 ethaeo
568 976 657 1011 morum
670 963 783 1026 umeJicia
794 970 855 1012 sunt.
874 963 991 1024 Quatuor
1003 963 1046 1011 alii
1058 964 1148 1013 saltem
1160 969 1258 1026 reperet.

188 1043 275 1107 [Ibin]
294 1045 354 1094 Item
369 1047 434 1094 airus
450 1045 637 1108 ichneumonum]
660 1048 737 1096 Voss.
755 1046 810 1095 item
826 1046 850 1094 si
865 1055 951 1094 uratur
963 1063 1124 1095 ecneumonum
1134 1046 1238 1110 sapiunt
1254 1054 1277 1093 st

152 1129 224 1177 urinis
241 1129 304 1177 tritis
319 1131 344 1177 in
360 1137 426 1178 aceto
439 1130 566 1193 perunctis
584 1132 675 1180 Forte:
692 1131 832 1179 Draconum
850 1129 944 1194 adipem
957 1137 1072 1178 emanata
1082 1130 1198 1194 sapiunt:
1212 1129 1275 1188 iam,

152 1210 176 1257 si
185 1218 279 1273 uratur,
294 1211 481 1263 ichneumonum:
489 1213 593 1277 supiunt
603 1221 627 1262 ot
637 1214 719 1262 urticis
732 1214 794 1262 trito's
805 1214 830 1262 in
846 1222 912 1262 aceto
925 1222 1056 1277 perunctos.
1075 1214 1168 1264 Sumen
1179 1213 1276 1263 urticae

73 1359 76 1364 -
153 1295 308 1342 contrarium
321 1296 419 1345 cicutae
431 1307 485 1346 esse
498 1310 531 1346 ex
543 1297 671 1347 Nicandro
684 1299 771 1347 scribit
786 1299 804 1346 l.
818 1303 858 1358 22,
874 1303 904 1347 18
919 1295 971 1358 [15,
984 1295 1038 1358 81].

187 1373 240 1436 [88
256 1375 299 1438 75]
322 1378 410 1428 Tamen
427 1378 482 1427 talis
499 1396 529 1428 ac
546 1389 615 1428 tanta
631 1380 667 1429 vos
678 1379 773 1442 veneni]
791 1382 868 1431 Voss.
884 1381 973 1430 Tamen
986 1379 1049 1440 talu,
1067 1379 1171 1428 astanti
1186 1377 1275 1437 ueneni,

152 1476 168 1508 a
185 1460 324 1522 quibusdam
342 1461 481 1512 animalium
497 1472 523 1512 ut
537 1466 608 1513 subm
625 1463 753 1514 manditur.
777 1466 827 1515 Pro
843 1466 915 1514 tubus
936 1465 1039 1528 quidum
1060 1464 1134 1525 abus,
1155 1463 1276 1527 quomed-

152 1545 255 1593 modum
269 1555 294 1595 st
305 1555 413 1610 quotuor
424 1549 512 1598 nostri.
530 1550 565 1598 Et
577 1563 630 1598 non
641 1550 746 1612 proprie
758 1564 840 1609 suum,
858 1550 903 1599 sed
918 1550 1028 1599 oliorum
1046 1558 1148 1611 quoquo
1164 1562 1217 1597 non
1228 1561 1276 1595 nc·

153 1630 304 1679 minutorum
318 1632 465 1681 animalium
478 1634 503 1681 id
514 1648 572 1682 eum
581 1633 672 1684 fecisse
681 1635 830 1682 elimentum
840 1636 947 1683 saedere
956 1635 1072 1683 ridentur
1081 1635 1157 1683 verba
1166 1647 1228 1681 mox
1237 1646 1275 1680 so·

153 1712 314 1776 quostiam,
324 1714 381 1777 76]:
397 1716 514 1764 Venenum
523 1716 572 1764 eius
581 1717 697 1779 restinpui
704 1716 806 1779 primum
816 1717 956 1766 omnium-ob
966 1716 1010 1776 his,
1021 1731 1082 1779 puae
1090 1724 1214 1764 vescamur
1223 1715 1275 1772 illa,

152 1809 182 1841 eo
193 1796 223 1844 iis
234 1797 364 1846 verosimile
376 1807 418 1857 est,
436 1815 497 1860 quae
510 1798 651 1861 produntur,
668 1799 835 1848 cantharidum
846 1807 902 1861 potu
915 1809 956 1847 aut
968 1799 1059 1848 lacerta
1070 1800 1094 1847 in
1107 1799 1158 1847 cillo
1169 1807 1273 1860 sumpta.

152 1878 196 1928 Sic
211 1880 277 1929 enim
294 1882 438 1943 legendum.
460 1882 590 1946 Restinpui
605 1883 727 1932 Vossiani
744 1892 783 1933 ost
795 1893 820 1932 et
832 1882 987 1943 cunctum,
1003 1890 1033 1931 ut
1049 1890 1075 1931 et
1087 1881 1227 1930 verosimile:
1246 1897 1275 1929 es

152 1961 189 2010 his
198 1963 330 2014 Vossioni:
339 1967 524 2016 distinctionem
536 1982 568 2016 ex
578 1968 703 2016 sententia
712 1967 873 2016 mutuvimus.
886 1967 999 2028 Respicit
1008 1975 1092 2016 sutem
1103 1968 1171 2033 bunc
1180 1968 1273 2024 locum,

153 2061 229 2108 quum
242 2050 329 2099 scribit
341 2054 429 2100 ecdem
443 2053 525 2113 cupite
537 2050 603 2100 inira
616 2049 669 2112 [29,
682 2045 740 2111 92]:
753 2045 924 2100 Salomondris
936 2048 1088 2098 cantharides
1100 2048 1202 2097 dicimus
1214 2049 1274 2096 resi·

151 2138 219 2179 stere.
242 2133 297 2182 Lib.
314 2137 352 2182 ll.
365 2142 450 2183 tomen
464 2150 519 2198 cap.
533 2141 564 2184 5s
578 2132 648 2195 [115‚
663 2133 736 2196 279]:
753 2133 816 2191 Quia
828 2141 850 2181 et
861 2135 931 2182 subus
942 2142 1061 2198 serpentes
1072 2134 1097 2182 in
1111 2132 1199 2196 pabulo
1210 2139 1273 2180 sunt.

153 2214 274 2275 Quamvis
291 2218 334 2265 hic
351 2233 451 2280 quoquc
468 2219 565 2267 varient
581 2220 680 2267 codices
697 2226 721 2267 et
738 2219 866 2266 nonnulli:
888 2217 1049 2274 Quinctiis.
1072 2218 1121 2268 Sed
1139 2219 1274 2280 utrobique

151 2300 223 2347 subus
235 2301 366 2349 coufirmat
376 2302 528 2351 Aristoteles
540 2301 599 2349 hist.
612 2301 714 2349 animal.
727 2306 751 2360 9,
767 2307 791 2349 1ι
805 2290 885 2363 Ὄφις
899 2297 932 2348 δὲ
948 2296 1021 2366 γαλῇ
1030 2296 1074 2348 καὶ
1093 2295 1119 2348 di
1133 2297 1272 2360 πολέμιον.

151 2378 186 2446 τῇ
194 2379 246 2440 μὲν
262 2378 342 2447 γαλῇ,
355 2374 415 2431 κατ’
430 2380 517 2430 οἷκίαν
531 2380 594 2432 ὅταν
607 2379 676 2430 doru
690 2379 843 2446 ἀμφότερα.
866 2379 919 2431 ἀπὸ
936 2379 990 2447 γὰρ
1007 2383 1060 2432 τῶν
1077 2381 1165 2431 αὐτῶν
1184 2382 1272 2439 ζῶσιν.

151 2464 167 2528 ἡ
181 2463 212 2512 δὲ
227 2460 259 2521 ὗς
270 2463 359 2514 ἐσθίει
368 2465 434 2524 τοὺς
444 2463 532 2531 ὄφεις.
545 2468 657 2517 Pintieni
670 2469 752 2516 codex
764 2468 897 2530 posteriori
909 2469 978 2518 loco:
988 2469 1018 2516 ab
1029 2467 1067 2517 his
1078 2484 1139 2530 quae
1151 2475 1274 2516 vocantur
1355 2475 1358 2479 ’

68 2589 72 2596 .
151 2549 195 2598 illa
215 2549 358 2600 umissimile.
381 2550 424 2600 Ea
439 2550 476 2599 hus
492 2566 545 2599 uero
561 2549 652 2600 similia
668 2559 816 2614 sunt,·quae
829 2549 963 2614 produntur
980 2550 1009 2600 de
1026 2551 1192 2600 cantharidum
1207 2560 1273 2614 potu.

152 2634 221 2683 Idem
235 2633 356 2698 restinpui.

187 2717 239 2781 [18
253 2717 297 2781 88]
315 2719 352 2767 Et
363 2717 464 2784 pedibus
475 2736 610 2783 suspensum
626 2736 717 2768 sursum
734 2721 760 2768 in
776 2716 967 2783 superliminari]
986 2721 1088 2772 chiflot.
1099 2735 1236 2783 suspensum
1249 2721 1273 2768 in

150 2801 306 2864 superlimiue.
332 2804 409 2853 Voss.
424 2820 559 2866 suspensum
580 2819 651 2868 super
671 2803 757 2854 limiae.
784 2805 872 2855 Nostri
892 2817 991 2854 sursum.
1020 2804 1117 2855 Scribes
1137 2819 1273 2868 suspensum

150 2899 235 2946 supero
249 2884 332 2934 limine.
350 2888 456 2936 Plautus
465 2889 587 2936 Bocchid.
598 2893 647 2946 4‚o
662 2885 709 2949 [vs.
720 2894 760 2938 83.
770 2889 827 2938 987.
837 2886 986 2949 Bitschel.]:
998 2887 1070 2938 Nune
1081 2879 1190 2952 superum
1203 2886 1273 2936 limen

86 3029 92 3040 .
150 2966 278 3027 scinditurp
294 2983 354 3014 nuno
369 2967 437 3015 adest
452 2968 549 3016 exitium
560 2967 615 3017 Ilio.
638 2970 841 3030 noscentibus,
855 2973 869 3017 5
884 2969 1009 3031 [lo‚44]:
1024 2969 1094 3019 stella
1109 2971 1206 3019 marina
1222 2970 1273 3019 oul-
1308 2964 1317 2972 ’

148 3051 206 3114 pino
217 3050 331 3114 sanquine
342 3049 411 3099 inlita
423 3058 446 3098 et
456 3050 541 3111 adfisa
553 3049 631 3098 limini
639 3051 764 3114 superiori.

185 3134 250 3185 Otr.
259 3133 307 3183 VI.
318 3132 371 3196 [87,
382 3130 443 3193 115]
456 3132 573 3197 Oesppum
582 3149 632 3182 cunt
642 3133 739 3198 myrrha
748 3133 851 3182 calidum
862 3133 974 3196 penicillo
983 3132 1080 3196 illitum]
1091 3136 1168 3184 Voss.
1177 3135 1272 3198 specillo

151 3216 250 3266 inlitum.
268 3218 360 3267 Paullo
373 3225 432 3280 post
445 3214 497 3277 [38‚
513 3215 586 3278 117];
602 3216 697 3279 specillo
709 3217 809 3265 demisso
821 3217 846 3265 in
859 3216 967 3266 dextram
976 3225 1079 3280 partem,
1090 3218 1113 3265 si
1123 3217 1206 3265 &nter
1217 3233 1272 3267 ocu·

152 3299 187 3347 lus
203 3308 303 3349 curetur.
329 3301 383 3350 Lib.
398 3304 420 3361 7,
435 3301 466 3350 58
480 3299 533 3363 [bug
548 3299 620 3362 tes]:
641 3298 667 3350 (J.
684 3300 762 3350 Iulius
778 3300 889 3364 medicus,
906 3300 961 3350 dum
977 3301 1077 3365 inuuyit,
1092 3299 1212 3363 specillum
1226 3317 1272 3364 per

151 3382 240 3432 oculum
258 3383 358 3433 acheus.
382 3386 438 3434 Lib.
452 3388 520 3444 out
540 3382 593 3446 [24,
608 3383 665 3446 75]:
688 3385 768 3436 Huius
784 3386 891 3449 corporis
906 3385 1023 3434 humorem
1040 3383 1144 3448 specillis
1160 3384 1270 3434 derasum

150 3465 284 3516 claritatem
295 3467 366 3516 oculis
379 3468 478 3518 inunctis
494 3477 596 3518 uanam
612 3471 709 3533 afferre.
733 3471 784 3520 Ubi
800 3470 910 3520 restituit
926 3470 1028 3532 Sigium.
1041 3469 1170 3521 Gelenius.
1193 3471 1229 3520 Ut
1246 3479 1272 3518 st

151 3552 270 3600 hocloco
283 3552 423 3601 Pintiouus.

185 3632 239 3695 [88,
255 3633 314 3696 118]
341 3634 397 3684 Cum
412 3635 493 3685 Attico
509 3635 575 3686 molle
591 3635 650 3685 cinis
667 3646 690 3685 et
707 3636 781 3702 adeps
792 3638 876 3686 soricis
887 3635 1010 3700 combma]
1034 3638 1110 3688 Voss.
1126 3638 1209 3686 sorim's
1220 3653 1271 3686 cum

150 3717 207 3766 stobi
227 3719 296 3767 tritus
316 3718 447 3769 lacrimosis
466 3719 540 3768 oculis
557 3719 685 3783 plurimum
703 3720 800 3784 oensem
830 3722 921 3786 Itaque
938 3723 1052 3784 sequitur
1069 3722 1166 3771 statim:
1194 3720 1271 3771 Stibis

150 3799 210 3864 quid
219 3801 258 3862 sit,
271 3801 372 3851 dicemus
384 3804 408 3851 iu
419 3802 530 3852 metallis.
548 3804 591 3854 Sic
604 3806 671 3854 onim
682 3805 829 3869 legendum:
847 3820 907 3865 non,
925 3805 988 3867 stibi,
1005 3804 1069 3869 quod
1079 3804 1138 3868 quid
1147 3805 1192 3854 sit:
1208 3819 1269 3864 non,

150 3893 173 3932 et
187 3885 249 3945 stibi,
266 3884 331 3948 quad
344 3884 403 3949 quid
418 3886 462 3936 sits
483 3888 561 3937 Voss.
577 3887 645 3936 stibis
662 3886 777 3949 quidest.
799 3889 909 3938 Pintisui
926 3904 1034 3952 quoquo,
1052 3888 1112 3953 quid
1122 3897 1163 3939 est.
1186 3888 1270 3953 Supra
1284 3899 1333 3944 sot

152 3965 206 4029 [87,
221 3967 294 4032 llb]:
311 3969 402 4019 additis
414 3969 505 4019 duabus
516 3971 588 4018 senta
598 3969 694 4019 denarii
704 3987 716 4019 e
727 3971 789 4020 stibi.
812 3972 882 4022 Infra
896 3970 948 4034 [88,
963 3971 1023 4034 180]
1037 3989 1083 4036 pro
1099 3972 1156 4023 stibi
1170 3970 1204 4020 ad
1217 3987 1270 4021 rca-

150 4050 242 4101 bm'eias.
266 4052 308 4103 sic
325 4055 389 4116 MS„
404 4071 456 4104 non
472 4055 550 4104 stibio.
576 4054 634 4105 Lib.
651 4060 721 4117 83,6
739 4054 792 4117 [3³2
811 4053 883 4116 llll]:
910 4055 957 4103 ulii
970 4056 1033 4117 stibi,
1053 4056 1099 4106 alii
1114 4056 1268 4106 alabastrum.

150 4135 192 4186 Sic
203 4137 296 4184 iterum
308 4138 373 4197 MS„
391 4154 443 4188 non
454 4139 557 4188 stibium.
580 4140 662 4190 Aeso.
675 4139 734 4187 cinis
746 4138 847 4188 helcosui
861 4138 1000 4191 lacrimosis.
1019 4141 1085 4191 Gud.
1099 4143 1157 4190 oium
1168 4141 1271 4204 alopesui

150 4219 216 4268 tritus
228 4219 287 4269 lacr.
305 4221 407 4284 Andeg.
420 4223 479 4272 cium
490 4222 587 4287 alrpesii
597 4223 674 4273 tritus.
692 4225 761 4273 Men.
773 4222 831 4272 cinus
843 4221 954 4286 allipesin
968 4224 1043 4273 tritus.
