2918 4794
169 268 210 331 80
462 322 465 330 .
659 291 802 333 1111011011
1019 326 1031 351 ,
1056 352 1067 371 ⁰

203 437 261 501 [45‚
279 399 339 501 hb]
363 434 487 489 Certiorem
509 439 641 506 imapinem
655 438 725 489 reddi
745 457 804 490 auro
825 440 933 506 apposito
953 440 1056 504 auersis]
1080 444 1158 494 Voss.
1176 445 1289 509 opposito,

168 525 264 583 melius,
276 531 305 572 ut
316 530 386 585 puto.

202 607 265 657 Cur.
282 607 315 655 X.
334 603 391 668 [47‚
410 604 469 667 134]
493 605 524 654 In
540 607 608 672 apris
624 608 673 656 sais
688 608 818 657 sestertidm
835 609 873 658 M.
890 609 929 659 M.
947 607 1064 672 possedit]
1089 611 1164 661 Voss.
1183 613 1207 661 in
1223 615 1291 677 apros

167 690 233 742 H-S.
246 684 299 740 CK)
306 684 358 738 OD
371 688 476 753 possedit
487 692 541 740 sins
551 689 591 756 τῷ
597 691 655 741 suis.
674 693 740 743 Gud.
749 700 830 756 posset
841 709 924 757 napus
935 693 956 740 is
966 695 1108 744 sestertium:
1118 696 1199 747 Acad.
1209 707 1290 760 posset

167 783 190 823 et
205 775 229 822 in
246 774 315 839 apris
331 775 352 823 is
368 773 511 824 sestertium:
527 765 597 825 Ma'u.
610 775 634 824 in
646 773 713 840 apris
730 776 903 839 issestertium;
921 785 975 827 tum
987 779 1065 827 iidem
1078 784 1128 829 tres
1140 781 1203 831 XX
1212 781 1290 831 millia

165 857 277 922 possedit.

202 943 265 994 Car.
278 944 325 993 XI.
344 940 471 1005 [411110]
497 944 564 994 Vasa
579 944 721 1007 toqainaria
737 961 766 993 ea
783 953 883 1009 arpenta
897 943 984 994 Calvus
1000 954 1082 995 orator
1091 946 1154 1008 fieri
1169 947 1287 1010 queritur]

167 1027 241 1078 Voss.
259 1043 287 1075 ea
303 1035 401 1090 arpenta
410 1026 473 1090 fieri
490 1024 577 1076 Galata
593 1035 676 1076 orator
691 1027 798 1091 quiritat.
817 1031 910 1078 Manus
928 1031 1030 1092 sequior
1047 1044 1091 1091 que
1106 1028 1172 1078 lecit
1200 1029 1288 1078 Since·
1358 1073 1364 1090 ,

166 1113 217 1161 rius
229 1112 369 1175 antiquum.
387 1111 434 1160 Est
447 1112 514 1160 enim
527 1111 642 1173 quiritum
658 1121 780 1176 tanquam
796 1116 828 1164 ad
844 1128 898 1162 rem
915 1114 1046 1175 indignam
1059 1112 1195 1174 Quiritium
1211 1114 1288 1162 fidem

167 1197 291 1244 invocare.
310 1196 397 1244 Livius
409 1196 452 1244 lib.
465 1200 497 1245 ³9
512 1193 566 1257 [8]:
581 1212 644 1259 prae
661 1195 791 1245 ululatibus
808 1204 1016 1260 tympanorumque
1027 1204 1050 1244 et
1061 1195 1218 1260 cymbalorum
1230 1205 1288 1245 stre-

165 1280 217 1342 pitu
234 1277 300 1328 tirello
316 1295 361 1328 vos
376 1279 540 1342 quiritantium
556 1278 670 1329 exaudiri
682 1288 785 1344 poterat.
804 1281 924 1330 Valerius
942 1282 1073 1330 Maximus
1091 1287 1114 1340 6,
1131 1277 1213 1341 2[s]:
1232 1278 1290 1330 Vidi

167 1363 244 1412 eodem
257 1362 339 1415 babitu
350 1364 510 1426 quiritatuqae
518 1365 664 1427 praetorium
676 1365 752 1414 viram
764 1365 919 1428 Perpernam.

148 1505 152 1509 ,
202 1446 291 1509 [thia]
311 1447 396 1498 Soleus
411 1464 440 1495 ea
461 1464 521 1496 auro
537 1465 627 1511 quoque
648 1447 743 1497 induere
759 1447 860 1510 solebat]
880 1449 955 1500 Voss.
973 1451 1074 1513 ignorat
1090 1447 1121 1498 τὸ
1139 1449 1239 1510 solebat,
1258 1461 1288 1500 ut

167 1542 191 1582 et
211 1533 381 1581 Academicus
402 1532 592 1596 Gudianusque.
618 1533 774 1596 intelligitur
795 1534 862 1582 enim
879 1549 912 1583 ex
933 1535 1094 1597 praecedenti
1114 1534 1208 1583 invenit.
1234 1533 1289 1584 Etsi

167 1627 250 1666 autem
270 1617 351 1664 codex
369 1617 480 1678 optimus
496 1613 605 1676 induere,
624 1617 756 1666 subscribo
772 1625 857 1666 tamen
875 1616 1002 1667 Salmasio
1020 1615 1129 1665 inducere
1145 1618 1239 1681 legenti
1255 1621 1288 1667 ad

166 1701 231 1749 Pull.
242 1700 348 1750 Tertull.
361 1697 397 1762 [p.
407 1697 478 1760 416]
499 1698 608 1761 [Plinius
620 1702 663 1750 lib.
678 1702 700 1762 l,
715 1704 728 1752 7
744 1699 812 1763 [lege
824 1701 922 1764 potius:
936 1707 959 1762 2,
974 1705 996 1761 t,
1009 1705 1032 1761 5,
1047 1698 1104 1762 24]:
1116 1700 1195 1750 Diuus
1204 1700 1287 1764 Ampu-

165 1790 215 1832 stus
229 1782 336 1847 prodidit
352 1782 443 1832 laevum
460 1784 506 1832 sibi
521 1783 623 1832 calceum
636 1783 791 1848 praepostere
808 1784 937 1846 inductam,
954 1800 999 1847 qus
1016 1783 1054 1832 die
1066 1783 1177 1832 seditione
1189 1783 1289 1833 militari

163 1883 238 1932 prope
253 1848 361 1932 afflictus
377 1875 418 1917 est.
436 1870 477 1918 Ex
489 1866 612 1918 Inseread.
625 1885 649 1932 p.
663 1867 733 1931 845]
753 1870 858 1920 Sueton.
877 1869 966 1920 Octav.
983 1875 1028 1919 92:
1047 1867 1078 1918 Si
1093 1884 1161 1917 mane
1176 1868 1223 1916 sibi
1238 1868 1287 1917 cal·

166 1968 219 2000 caus
232 1967 357 2016 perperam
369 1968 399 2000 ac
410 1951 505 2000 sinister
517 1968 564 2015 pro
576 1952 659 2001 dextro
676 1952 830 2002 induceretur.
850 1953 958 2004 Claudio
970 1958 996 2001 8:
1015 1950 1128 2002 Solebant
1138 1960 1160 2000 et
1171 1951 1287 2000 stertentis

166 2036 274 2085 manibus
285 2037 348 2085 socci
358 2035 443 2085 induci.
463 2037 558 2086 Caesar
569 2040 600 2086 dc
611 2039 681 2087 bello
694 2037 793 2088 Gallico
809 2035 844 2098 [2,
857 2035 915 2098 33]:
931 2036 1007 2085 scutit
1020 2053 1049 2084 ex
1061 2035 1145 2084 cortice
1154 2036 1234 2100 factis
1245 2043 1289 2084 aut

165 2122 291 2170 viminibus
307 2121 410 2182 lateatis,
426 2137 487 2184 quae
501 2123 577 2170 sabito
590 2121 691 2186 pellibus
708 2121 856 2170 induxerant.
879 2123 922 2170 lib.
941 2128 963 2171 2.
983 2122 1014 2170 de
1030 2121 1099 2170 bello
1112 2121 1158 2170 civ.
1177 2117 1230 2181 [10,
1247 2117 1288 2180 b]:

167 2222 241 2268 supro
260 2203 330 2266 [cum
342 2212 445 2255 recentt.
458 2207 595 2269 legendum
606 2205 688 2270 super]
708 2205 792 2255 lateres
805 2206 869 2255 coria
881 2205 1029 2254 inducantur.
1235 2271 1286 2279 —

209 2288 271 2352 [50‚
295 2287 359 2350 141]
387 2288 477 2346 Qaater
497 2289 581 2338 millies
604 2287 797 2360 adddLXX
814 2289 848 2339 M
863 2287 943 2352 pondo
965 2286 1102 2349 transtulit]
1126 2288 1201 2338 Voss.
1224 2286 1289 2336 IIII

168 2372 351 2424 CCCLXXX.
365 2374 392 2420 ob
406 2372 533 2422 transtulit.
553 2373 631 2424 Cuius
647 2376 785 2438 scripturae
802 2390 835 2424 ex
847 2381 919 2438 parte
930 2375 1011 2423 Acad.
1024 2375 1093 2422 Men.
1107 2381 1132 2422 et
1144 2372 1211 2423 Gud.
1224 2389 1285 2434 qau-

166 2467 218 2507 taor
234 2455 417 2522 quadrinpentos
433 2456 522 2507 LXX
534 2457 627 2506 obsides
644 2457 770 2507 transtulit.
798 2459 835 2508 At
855 2459 918 2507 illud
939 2458 967 2504 ob
987 2457 1051 2506 nihil
1071 2457 1140 2505 aliud
1162 2457 1287 2526 significat

166 2560 241 2607 quam
252 2542 342 2606 pondo:
355 2548 473 2607 quatuor,
485 2543 574 2605 iuquit,
588 2542 668 2591 millia
680 2551 792 2591 trecenta
805 2543 936 2604 octoginta
948 2543 1033 2605 pondo
1046 2541 1183 2590 transtulit.

200 2627 262 2691 [Ib.]
285 2627 418 2692 Africanus
434 2626 459 2674 in
481 2625 596 2688 triumplu
612 2624 725 2674 militibus
741 2624 834 2675 XVII
844 2623 921 2673 millia
939 2623 1019 2688 pondo
1036 2623 1111 2686 dedit]
1133 2626 1215 2676 Nimis
1232 2642 1286 2674 ma-

166 2728 243 2775 guam
260 2712 422 2774 largitionem
439 2725 503 2758 aevo
521 2709 566 2757 illa
582 2711 696 2759 restricto
708 2711 810 2772 Lipsius
827 2717 902 2758 vocat
914 2716 937 2758 2.
956 2711 1092 2770 Atinias,
1110 2718 1135 2759 et
1153 2710 1209 2773 plus
1226 2712 1286 2760 satis

165 2795 227 2854 fore,
243 2796 263 2843 si
276 2796 326 2843 sint
337 2801 424 2856 septem
434 2791 607 2856 milliapondo.
625 2794 732 2856 Pighius
745 2795 832 2843 deesse
844 2794 940 2856 aliquid
952 2793 1111 2854 conficiebat,
1130 2803 1155 2843 ct
1166 2793 1286 2857 supplan·
1298 2854 1301 2857 Ι

165 2882 226 2928 dum
247 2879 334 2942 locum
354 2879 403 2926 hoc
423 2877 512 2926 modo:
538 2876 563 2924 in
585 2876 700 2940 triumpho
722 2875 843 2926 transtulit
862 2875 953 2928 XVII
970 2876 1046 2925 millia
1063 2875 1154 2940 pondo,
1175 2877 1287 2927 militibus

164 2961 318 3026 septendecim
332 2960 412 3025 pondo
430 2960 502 3010 dedit.
527 2962 604 3022 Quod
621 2963 719 3025 argenti
737 2962 757 3010 si
774 2962 904 3011 habuisset
919 2962 1065 3021 Numantia,
1082 2963 1164 3011 multo
1181 2963 1286 3011 celerius
1314 3012 1324 3024 ,

165 3047 339 3098 succubuisset
358 3047 488 3096 Romanis.
524 3046 597 3106 Quae
617 3056 701 3096 autem
724 3046 823 3108 largitio
844 3047 870 3094 in
891 3046 998 3095 militem
1017 3043 1171 3108 septendecim
1188 3043 1285 3108 pondo?

165 3139 261 3196 septem
276 3133 357 3181 millia
374 3132 474 3180 ducenti
490 3131 605 3180 nummi?
641 3132 783 3180 Vossianus
800 3145 845 3178 nos
862 3131 993 3192 expediet,
1015 3130 1041 3178 in
1059 3145 1109 3192 quo
1128 3131 1165 3179 sie
1180 3130 1285 3192 legitur:

164 3216 228 3278 quod
245 3211 361 3264 mesdrum
376 3224 460 3279 postea
472 3222 593 3278 apparatu
606 3214 669 3262 victa
682 3213 815 3263 Numantia
827 3212 924 3275 quidam
943 3211 1022 3260 dilata
1040 3211 1100 3260 idem
1112 3212 1245 3277 Africanas
1261 3213 1286 3261 in

165 3300 282 3363 triumpbo
304 3297 415 3347 militibus
431 3297 522 3348 XVII
536 3285 614 3346 dedito
629 3299 691 3346 viros
708 3297 756 3346 illo.
784 3298 882 3348 Scribe:
904 3297 958 3386 Hpc
978 3297 1073 3361 arpenti
1092 3305 1141 3346 tota
1166 3295 1286 3360 Cartbapo

165 3383 247 3433 babuit
261 3383 304 3432 illa
326 3392 441 3430 terrarum
458 3380 563 3440 aemula,
586 3389 642 3444 quot
658 3397 789 3430 mensarum
808 3387 891 3444 postea
911 3389 1032 3444 apparatu
1050 3380 1126 3429 victui
1151 3379 1287 3430 Numantia

165 3467 259 3530 quidem
280 3465 356 3514 deleta
376 3464 437 3513 Mem
453 3465 586 3528 Africanas
602 3465 626 3512 in
643 3464 760 3527 triumpbo
777 3463 888 3513 militibus
905 3465 937 3514 if
957 3462 1013 3514 VII
1024 3463 1095 3514 dedit.
1126 3463 1225 3514 Ouiros
1245 3463 1286 3512 illa

165 3552 306 3614 imperatore
321 3549 411 3614 dipsas,
428 3549 514 3612 quibus
531 3548 573 3597 boc
584 3549 713 3606 satisfuit!
731 3549 863 3612 Significat
880 3551 974 3598 multas
992 3557 1083 3611 postea
1095 3547 1172 3597 fuisse
1185 3563 1286 3598 mensas
1334 3602 1339 3613 .

165 3639 271 3696 Romae,
290 3637 316 3684 iu
329 3636 420 3699 quibus
433 3635 539 3696 singulis
550 3633 607 3698 plus
620 3633 694 3683 fuerit
705 3635 801 3697 argenti
814 3635 959 3697 expositum
976 3647 1021 3696 per
1033 3633 1149 3682 solennia
1161 3633 1284 3693 convivia,

75 3745 77 3748 ⁴
166 3738 241 3785 quam
263 3731 322 3771 tunc
342 3721 472 3770 redactum
494 3727 532 3769 est
552 3734 584 3767 ex
605 3721 683 3769 totius
700 3719 862 3782 Carthaginis
884 3718 982 3781 opibus.
1010 3719 1066 3768 Aut
1086 3719 1107 3766 si
1127 3720 1158 3766 dc
1178 3718 1286 3778 singulis

165 3808 271 3856 nimium
295 3814 345 3867 est,
366 3818 506 3868 paucarum
524 3805 662 3852 admodum
683 3817 826 3851 mensarum
848 3809 998 3865 apparatum
1015 3803 1113 3851 Romae
1133 3801 1286 3851 luxuriantis

164 3893 221 3955 plus
234 3890 346 3940 effecisse
357 3890 477 3939 librarum
491 3889 596 3950 argenti,
607 3902 683 3950 quam
696 3896 748 3936 tum
763 3888 883 3950 temporis
896 3888 980 3935 omnis
992 3886 1131 3949 Carthago.
1143 3885 1186 3935 lib.
1199 3893 1239 3948 36,
1255 3892 1284 3935 15
1313 3936 1316 3941 ,

167 3973 311 4037 [24,109]:
328 3973 365 4022 M.
384 3970 478 4036 Lepido
498 3969 527 4027 Q.
547 3967 630 4018 Catulo
650 3969 715 4020 Coss.
732 3969 813 4019 domus
829 3968 950 4034 pulcbrior
966 3968 1075 4031 nonfuit
1091 3967 1197 4030 Romae,
1214 3986 1286 4032 quam

165 4057 255 4121 Lepidi
271 4058 357 4122 ipsius:
378 4065 406 4105 at
422 4054 513 4104 hercule
529 4042 593 4102 intra
610 4070 685 4102 annos
700 4054 822 4104 XXXV
835 4045 916 4103 eadem
932 4051 1078 4102 centesimum
1094 4050 1167 4101 locam
1183 4068 1230 4100 non
1247 4053 1286 4100 ob-

167 4141 243 4189 tinuit.
265 4141 385 4206 Computet
400 4141 425 4190 in
442 4140 486 4199 lias
503 4137 664 4187 aestimatione
680 4138 722 4200 qui
737 4137 797 4186 volet
812 4154 954 4187 marmorum
970 4135 1059 4197 molem,
1077 4152 1150 4199 opera
1163 4136 1287 4200 pictorum,

167 4221 286 4286 impendia
305 4224 397 4289 repulia
424 4233 447 4272 et
466 4239 517 4272 cum
540 4219 701 4285 pulcherrima
722 4220 932 4284 laudatissimaque
952 4228 1069 4269 certantes
1094 4228 1182 4268 centum
1207 4219 1287 4268 domos
