2918 4794
536 319 641 362 nonan
658 321 700 360 nn
715 321 798 362 tran.
816 320 919 360 xxxv.
1230 302 1286 366 101

162 480 243 522 ronta
266 471 297 522 Id
313 485 407 520 nomen
425 471 537 529 tabulae,
554 478 583 519 ut
598 468 767 534 Anadpomene
779 472 888 534 Apellis,
906 472 1032 535 Antiphili
1044 470 1221 535 Aposcopeuon,
1233 475 1290 524 Ari·

164 558 238 608 stidis
255 555 448 619 Anapauomene.
472 553 539 606 Satis
554 555 718 616 intelligitur,
738 571 797 605 cum
813 556 958 619 appellatur
974 552 1128 616 ποππύζων,
1148 565 1249 619 praesto
1265 560 1289 607 ei

165 655 262 705 equum
274 641 363 690 fuisse:
376 647 435 690 suut
446 639 513 689 enim
525 636 704 700 ποππόσματα
717 635 854 688 ecclaesiae
868 637 911 696 εἷς
922 637 987 696 τοὺς
998 636 1172 699 ridendas-oo<
1183 636 1289 700 ἵππους,

165 733 196 775 ut
211 725 411 789 interpretantur
424 723 522 774 Graeci.
545 724 645 773 Deinde
662 726 741 775 scribe
760 739 773 772 8
789 725 901 787 vestigiis
914 727 975 774 Mss.
988 723 1100 773 Retinent
1111 723 1186 773 Parii
1200 740 1290 787 equurn

167 808 244 870 Quod
260 819 299 859 est
314 823 450 873 personum
467 805 651 865 ποππύζοοτος
666 810 770 872 periisse
786 811 873 858 nescio
893 825 943 872 quo
956 824 1030 872 casu;
1050 817 1224 872 campartem,
1240 824 1291 872 qua

167 908 247 957 equus
259 902 314 943 erat
322 895 414 956 pictus,
424 906 556 956 superesse
568 895 636 957 apud
647 894 719 943 istos.
735 894 813 954 Parii,
824 909 838 942 e
849 895 1042 944 coloniaPan'o.
1052 891 1290 955 tib.es,s[19‚7e]2

167 975 199 1025 ln
216 976 293 1026 Pario
309 975 402 1026 colorda
418 975 532 1025 laudatur
547 977 663 1028 Hmcuies
678 976 776 1026 Isidori.
800 979 843 1027 lib.
856 984 896 1037 86,
911 983 925 1025 5
940 976 976 1039 [4,
990 976 1047 1039 23]:
1065 977 1178 1026 Eiusdem
1195 985 1217 1026 et
1232 976 1292 1025 alter

168 1058 244 1108 nudus
259 1060 284 1108 in
298 1058 377 1110 Pario
394 1059 486 1109 colonia
501 1058 664 1124 Propontidis,
682 1079 730 1125 par
749 1062 835 1111 Veneri
852 1058 958 1110 Gnidiae.
981 1062 1127 1125 Stephanus
1145 1060 1216 1125 [pag.
1234 1067 1291 1113 505.

168 1141 310 1206 Messeni:
328 1138 441 1209 Πάριον,
458 1141 537 1202 πόλις
552 1144 581 1193 ἐν
596 1137 783 1213 Ἑλλησπόντῳ
799 1142 932 1211 κληθεῖσα
944 1143 997 1194 ἀπὸ
1012 1140 1116 1209 Παρίου
1129 1145 1177 1194 τοῦ
1188 1136 1290 1194 ’lacim-

169 1242 224 1286 νος.
247 1224 277 1277 τὸ
296 1226 404 1277 iducndu
428 1223 542 1294 Πάριος·
572 1228 587 1277 ὁ
608 1226 721 1296 πολίτης
739 1225 883 1295 Ποριανός.
914 1226 1045 1295 Λέγονται
1066 1226 1111 1277 καὶ
1135 1224 1290 1294 Παριανεῖς.

168 1313 263 1363 Noster
277 1313 327 1362 hoc
343 1314 410 1363 libro
427 1327 481 1377 cap.
497 1320 524 1363 ll
547 1311 688 1375 [39‚1aa]:
706 1312 835 1378 Polypnoti
852 1322 875 1362 et
892 1314 1024 1363 Nicanoris
1040 1321 1062 1362 et
1073 1312 1194 1363 Arcesilai
1205 1314 1293 1363 Pario-

169 1412 230 1446 rum.
252 1399 370 1460 Denique
386 1400 454 1460 lege:
472 1397 514 1446 Ita
529 1399 674 1462 Protoyenes
690 1399 828 1447 monstrauit
845 1406 867 1446 et
875 1399 1011 1460 fortunam,
1030 1414 1108 1461 quum
1125 1400 1169 1448 alii
1185 1401 1293 1449 artifices

171 1490 197 1531 et
214 1485 329 1532 doctores
345 1485 523 1532 tantummodo
540 1493 619 1532 artem
636 1492 783 1535 monstrent.
805 1484 917 1533 Praeirit
933 1484 1051 1533 nimirum
1062 1484 1153 1535 Nealci
1164 1488 1197 1535 ed
1209 1486 1293 1547 expri-

170 1567 292 1616 mendum
312 1567 417 1617 sonatio
439 1570 557 1617 coniectu
577 1569 677 1629 coloris,
699 1570 768 1631 quod
789 1585 829 1618 ars
849 1585 876 1618 se
897 1584 973 1633 posse
994 1571 1113 1633 perticere
1134 1571 1293 1634 desperabat.
1388 1596 1399 1617 0

172 1650 281 1701 Omnem
297 1652 383 1700 locum
402 1667 435 1700 ex
453 1653 550 1716 optimo
568 1653 603 1702 sic
619 1653 688 1716 lege:
707 1653 761 1702 Hoc
778 1652 882 1716 exemplo
899 1653 948 1701 eius
963 1652 1047 1702 simitu
1059 1654 1165 1704 Nealcen
1176 1670 1294 1702 samareus

171 1733 197 1782 in
212 1750 296 1798 spuma
311 1735 367 1798 equi
380 1734 488 1784 similiter
503 1736 605 1800 sponpia
621 1735 726 1798 impacta
741 1745 833 1784 secutus
845 1736 938 1797 dicitur,
951 1754 1002 1786 cum
1012 1739 1119 1802 pinyeret
1130 1737 1292 1800 Poppysonta.

171 1817 285 1866 Retinent
294 1817 370 1868 Parii
380 1835 469 1881 equurn.
488 1818 529 1867 Ita
541 1820 687 1884 Protopenes
698 1820 838 1869 monstravit
849 1828 871 1867 et
874 1823 1009 1882 fortunam.

208 1899 261 1964 [³d,
280 1901 339 1966 106]
367 1902 403 1951 Et
422 1902 535 1952 athletam
556 1912 580 1951 et
595 1904 739 1969 Antiyonum
760 1921 837 1969 reyem
858 1913 881 1952 et
900 1904 1025 1969 imapinem
1043 1904 1128 1952 matris
1145 1903 1292 1965 Aristotelis]

172 1987 241 2047 Quia
258 2002 347 2037 omues
364 1988 430 2037 eliac
447 1997 531 2037 certae
547 1997 605 2039 sunt
622 1999 647 2038 et
659 1997 736 2039 notae
747 2003 879 2053 personae,
891 1986 1000 2037 Alcetam
1017 1989 1104 2038 malim
1117 1990 1207 2051 legere,
1221 1991 1293 2038 illam

171 2071 307 2121 Perdiccae
324 2071 435 2122 fratrem.
457 2073 526 2122 Dein
542 2074 617 2122 Voss.
634 2081 656 2121 et
670 2071 815 2136 Antiponum
833 2089 911 2137 repen
929 2081 951 2122 et
963 2081 1059 2121 matrem
1071 2072 1207 2121 Aristotelis
1216 2071 1292 2136 pbilo-

171 2154 246 2219 sopbi,
267 2155 310 2218 qui
328 2157 351 2205 ei
365 2156 489 2218 suadebat,
511 2165 537 2206 ut
552 2155 688 2205 Alexandri
703 2157 793 2221 Mayni
809 2174 882 2221 opera
897 2158 1006 2223 pinperet
1019 2166 1116 2220 propter
1133 2157 1294 2205 aeternitatem

172 2256 257 2289 rerum.
275 2241 329 2290 Nec
341 2241 413 2291 video
427 2256 538 2304 causam,
551 2257 595 2292 cur
607 2244 638 2291 ab
652 2244 701 2292 hac
713 2243 822 2291 lectione
836 2244 1001 2293 discesserint.

208 2323 261 2386 [³e,
275 2323 335 2387 108]
358 2325 426 2383 Quae
438 2326 519 2375 tabula
530 2327 556 2375 in
571 2324 686 2390 Capitolio
698 2327 722 2376 in
734 2326 860 2376 Mineruae
873 2326 967 2375 delubro
978 2344 1054 2391 supra
1065 2324 1196 2375 aediculam
1210 2323 1293 2371 Iuven-

172 2405 241 2470 tutis]
262 2410 339 2459 Voss.
353 2409 419 2460 Gud.
432 2413 501 2460 Meu.
514 2413 595 2461 Acad.
612 2427 673 2473 quoe
690 2411 771 2459 tabula
780 2411 836 2474 suit
853 2411 877 2459 in
890 2410 1006 2473 capitolio.
1028 2411 1095 2461 Dein
1107 2410 1176 2457 Men.
1190 2407 1257 2457 Gud.
1270 2416 1295 2454 et

172 2493 255 2544 Acad.
273 2510 347 2557 supro
364 2492 479 2543 eduulom
496 2495 613 2544 mentoris.
636 2495 712 2546 Voss.
731 2494 863 2544 aediculam
881 2494 999 2544 inentalis.
1026 2496 1138 2545 Pintiani
1154 2489 1293 2541 mittemulis.

173 2577 243 2642 Lege
255 2577 387 2628 aediculam
398 2578 536 2628 Iuventatis.
555 2579 721 2630 Restituimus
734 2589 759 2630 et
770 2581 843 2630 Livio
858 2579 911 2643 [36,
925 2587 965 2642 36,
980 2580 1015 2643 5].

209 2660 262 2725 [36,
281 2660 341 2724 111]
368 2663 484 2712 Aristidis
509 2664 617 2714 Thebani
636 2663 750 2730 discipuli
759 2667 862 2729 suerunt
878 2674 901 2715 et
914 2664 970 2729 filii
986 2665 1088 2716 Niceros
1103 2673 1126 2712 et
1141 2658 1293 2725 Aristippus]

173 2747 249 2797 Voss.
262 2745 381 2795 Aristides
397 2747 512 2798 Thebani.
530 2751 621 2800 deiude
637 2751 743 2801 Ariston.
761 2752 826 2800 Mox
844 2750 956 2815 discipuli
966 2749 1094 2799 Antorides
1106 2757 1129 2798 et
1139 2746 1294 2811 Euphranor,

174 2832 227 2881 sine
242 2831 302 2888 τοῖς
316 2831 366 2879 eius
375 2832 483 2894 suerunt.
507 2835 592 2895 Recte,
610 2837 631 2885 si
647 2838 770 2895 attendes,
787 2847 831 2885 aut
847 2853 899 2886 neu
911 2845 1012 2886 temere.
1035 2836 1076 2885 Ita
1087 2835 1153 2884 enim
1167 2832 1295 2896 scripsisse

174 2916 275 2966 Plinius
291 2917 399 2966 ridetur:
419 2917 542 2966 Aristides
558 2917 667 2966 Thebani
681 2916 794 2980 discipuli
801 2913 906 2980 fuerunt
917 2920 1018 2969 Niceros
1030 2927 1053 2966 et
1064 2917 1171 2976 Ariston,
1184 2916 1249 2965 cotos
1261 2922 1295 2964 eet
1308 2919 1354 2966 831

174 2998 278 3064 Satyrus
295 3016 346 3048 cum
363 3001 451 3066 scypho
467 3009 606 3058 cororsatus,·
623 2998 735 3063 discipuli
749 3000 878 3049 Antorides
895 3010 917 3049 et
932 3000 1087 3064 Euphranor,
1106 2998 1134 3048 a'e
1146 3000 1231 3061 quibus
1242 3015 1295 3047 neor

175 3082 283 3134 duanae.
306 3085 437 3148 Significat
452 3087 520 3134 illius
532 3085 650 3134 Thebani
667 3093 692 3133 et
709 3084 846 3149 discipulos
858 3095 884 3134 et
895 3086 961 3134 filios
974 3085 1051 3136 fuisse
1066 3087 1137 3143 istos,
1156 3083 1295 3145 discipulos

175 3175 283 3229 tuntum,
296 3183 348 3218 non
361 3169 437 3217 etiam
449 3170 522 3228 filios,
535 3167 598 3217 elios
611 3183 676 3231 quos
688 3169 806 3232 appellat.
898 3170 902 3177 ’

210 3251 263 3314 [86,
278 3251 338 3315 tlt]
356 3250 421 3300 Idem
435 3252 511 3301 iocoso
523 3252 614 3300 nomine
629 3252 737 3318 Gryllum
750 3251 847 3301 ridiculi
859 3251 953 3301 babitus
961 3249 1053 3316 pinxit]
1073 3252 1148 3301 Voss.
1165 3248 1293 3299 diridiculi.

174 3337 244 3400 Lege
261 3334 393 3397 deridiculi,
410 3344 439 3386 ut
450 3338 531 3385 codex
544 3337 663 3387 Pintiani.
682 3338 718 3387 Ut
729 3336 835 3386 Plautus
847 3338 978 3401 Amphitr.
992 3343 1015 3397 2,
1029 3342 1043 3385 2
1056 3333 1127 3398 [58]:
1145 3334 1203 3397 quid
1219 3342 1243 3382 tu
1259 3350 1294 3381 me

175 3419 301 3470 deridiculi
315 3420 398 3485 pratia
414 3421 448 3469 sic
463 3420 572 3469 salutas?
595 3423 679 3471 Milite
697 3428 720 3481 2,
737 3428 747 3470 l
768 3419 821 3482 [14.
838 3438 874 3471 vs.
893 3427 934 3471 92.
951 3418 1099 3482 Ritscbel.]:
1122 3418 1148 3467 Is
1165 3415 1294 3466 deridiculo

175 3514 215 3568 est,
228 3522 325 3569 quaqua
337 3503 429 3566 incedit,
441 3506 551 3555 carnibus.
570 3508 663 3556 Pseud.
676 3513 699 3567 4,
714 3513 728 3556 5
743 3504 777 3568 [7.
795 3508 874 3571 Apud
885 3507 1009 3556 Ritschel.
1023 3511 1046 3566 ὅ,
1060 3513 1082 3567 l,
1094 3509 1115 3556 t.
1128 3519 1191 3554 vers.
1205 3499 1293 3562 1058];
1385 3498 1388 3505 ’

174 3589 233 3638 milti
246 3589 311 3638 illum
330 3592 401 3639 verbo
415 3605 460 3652 per
471 3588 624 3638 deridiculum
642 3589 708 3640 dare.
731 3593 867 3641 Tacitus³
888 3589 943 3652 [57]
963 3590 1070 3639 Annalz
1088 3586 1227 3638 Deridiculo
1240 3586 1295 3650 suit

109 3677 113 3686 ’
174 3673 406 3736 senensoedissimae
417 3673 562 3722 adulationis
574 3683 663 3723 tantum
675 3675 698 3722 in
712 3675 778 3723 omia
790 3692 880 3724 usurus.

210 3756 263 3820 [37‚
279 3758 338 3822 117]
362 3757 461 3809 Nobiles
475 3757 582 3820 palustri
597 3775 691 3807 accessu
707 3757 791 3807 villae:
808 3757 987 3808 succollantium
1002 3758 1078 3823 specie
1095 3756 1213 3819 mulieres]
1237 3756 1293 3805 Hoc

175 3843 207 3892 ab
218 3843 365 3904 Hermolao,
383 3860 439 3893 curn
457 3851 524 3893 esset
536 3842 643 3906 plaustri
657 3852 682 3893 et
697 3845 739 3892 sub
755 3843 847 3892 collium
864 3844 986 3906 mensione
1001 3841 1116 3892 mulieres.
1139 3844 1208 3892 Men.
1226 3839 1293 3890 (iud.

174 3929 257 3977 Acad.
280 3927 366 3978 nobiles
387 3927 566 3993 tympanistriae
587 3927 689 3976 ancillae
704 3927 837 3978 succollatis
853 3929 976 3992 sponsione
993 3927 1126 3977 mulieribus
1143 3925 1294 3988 moeniaque

175 4011 277 4076 crepidis
286 4014 408 4075 suuntur.
431 4015 507 4064 Voss.
523 4012 607 4062 nobilis
619 4012 742 4076 paulustri
752 4029 837 4062 acensu
849 4012 921 4062 uillae
933 4012 1064 4063 succollatis
1075 4009 1197 4076 missione
1214 4009 1293 4061 mulie·

174 4096 239 4146 ribus
255 4096 362 4147 labantes
378 4097 521 4162 trepidisque
529 4099 651 4161 feruntur.
675 4099 786 4148 Pintiani
803 4112 915 4161 quoque,
930 4096 1063 4147 succollatis
1079 4097 1201 4161 sponsione
1213 4094 1293 4144 ntulis-

175 4181 247 4230 ribus.
267 4181 364 4232 Scribe:
378 4181 432 4230 Iam
442 4183 562 4247 piscantes
573 4191 762 4246 aucupantesque
774 4191 816 4232 out
825 4191 935 4232 venantes
945 4191 999 4231 sunt
1010 4181 1035 4230 in
1043 4182 1097 4231 nius
1109 4181 1293 4246 exemplaribtu:

176 4265 260 4315 nobilis
273 4264 380 4329 palustri
396 4283 490 4316 accessu
508 4266 587 4328 villere,
605 4265 739 4317 succollatis
749 4266 857 4332 personis
868 4265 1026 4328 muliebribus,
1045 4266 1152 4316 labantes
1165 4250 1294 4332 mepididue
