2918 4794
168 290 207 352 16
649 309 790 350 ‹inttnovr

165 460 216 526 pdv
235 460 305 527 πηγὴ
324 458 426 508 πάντων
446 457 613 524 νοσημάτων,
633 456 682 507 ὅσα
700 458 818 522 γίγνεται
837 457 1006 525 aaruppoiru‘.
1027 461 1070 510 lib.
1084 466 1124 521 25,
1139 468 1153 511 b
1167 460 1220 523 [21‚
1235 461 1292 524 52J:

169 546 264 595 Furinu
280 561 357 593 eorum
371 561 416 607 per
431 560 456 591 se
473 552 495 592 et
511 545 581 591 orista
598 542 727 604 radiculae,
745 560 792 606 quo
806 542 875 592 lanus
892 543 995 593 dicimus
1007 543 1095 607 lauari,
1111 553 1292 595 sternumentum

160 629 235 692 fucit.
248 631 342 679 ibidem
358 628 411 691 [28‚
424 627 467 689 56]
481 627 545 690 quod
556 627 673 676 celerrime
685 637 761 676 rnouet
772 636 940 677 sternumento:
958 639 990 689 et,
1004 628 1121 692 simpulum
1132 629 1237 691 infinitos
1248 639 1293 678 aut

167 721 333 763 sternumenta.
357 715 406 763 Hic
418 715 550 776 adponant
562 723 588 762 et
600 729 614 762 e
628 713 786 764 chifletiano.
805 728 859 776 cap.
876 720 903 762 11
920 711 973 775 [86,
988 712 1062 776 135]:
1080 714 1124 763 Fit
1138 721 1162 762 et
1176 730 1206 763 en
1221 712 1291 764 cudi·

169 799 242 849 triete
260 807 448 867 sternumentum.
468 805 568 862 eap.13
587 798 656 860 [loa
673 797 745 860 tta]:
764 797 856 846 Eadem
873 799 937 847 sicce
952 799 1046 848 conciso
1056 809 1236 850 sternumentum
1249 810 1290 851 est

167 885 216 934 Hic
232 898 334 947 quoque
352 899 365 932 e
382 883 457 934 chin.
474 893 606 933 annotant.
630 883 671 932 lib.
686 888 726 943 at,
743 891 772 933 18
792 881 937 946 [111,188]
960 893 1120 933 stemumeutn
1140 901 1230 949 quoque
1245 901 1290 949 pu-

166 976 231 1016 stutu
242 975 323 1016 utouet.
336 969 380 1016 lib.
394 974 434 1028 88,
446 972 460 1016 6
475 966 527 1028 [lin
539 965 583 1028 st]
596 975 754 1016 sternumenta
764 969 841 1031 pinne
851 967 1003 1032 proredium
1019 969 1149 1019 emendant.
1167 971 1211 1020 lib.
1221 975 1288 1031 82³

168 1051 223 1114 [¹³2
235 1051 278 1114 28]
296 1060 453 1100 sternumenta
465 1051 555 1115 oisuctu
568 1060 664 1100 mouent.
688 1053 730 1103 Sic
742 1054 859 1102 omnibus
871 1054 911 1103 his
924 1054 987 1103 locis
999 1056 1152 1105 Vossianus:
1170 1069 1289 1104 nonnun-

166 1153 243 1200 quam
261 1147 287 1186 et
303 1139 354 1187 alii.
380 1137 451 1186 Idem
469 1138 563 1186 insuia
581 1139 726 1187 observasse
744 1137 782 1187 Ol.
802 1138 956 1188 Salmasium
973 1148 1079 1203 apparet
1096 1153 1129 1188 ex
1146 1138 1202 1198 iilis,
1222 1151 1288 1201 quse
1358 1146 1361 1153 ’

165 1223 253 1272 scribit
264 1224 296 1271 ad
310 1221 426 1272 Solinum
439 1238 464 1285 p.
477 1228 517 1272 88.
1048 1216 1052 1223 '

198 1306 253 1368 [ta
269 1305 328 1367 190]
347 1304 450 1356 Prodest
461 1305 511 1360 eius
522 1315 545 1354 ct
556 1305 654 1369 cupitis]
678 1301 713 1356 Τὸ
730 1307 780 1355 eius
796 1323 848 1356 non
866 1316 904 1356 est
921 1310 947 1356 iu
964 1310 1072 1371 optimo:
1092 1317 1117 1358 et
1129 1311 1182 1359 sine
1196 1309 1287 1359 iniuria

163 1393 306 1442 sententiae
318 1391 429 1440 tollatur.

200 1474 254 1537 [ta
269 1474 328 1537 181]
352 1474 443 1524 ἸΗίιιπι
460 1490 511 1522 eum
524 1482 602 1523 meatu
614 1492 625 1522 e
637 1475 700 1537 vino,
717 1474 821 1523 redicem
839 1474 873 1523 ud
887 1474 965 1538 rentes]
991 1476 1093 1538 Sigism.
1111 1476 1231 1528 Gelenius
1244 1466 1287 1528 ¹est

165 1568 253 1609 auctor
268 1559 316 1607 τοῦ
334 1574 347 1606 e
362 1558 427 1608 vinos
448 1575 508 1608 nam
524 1567 584 1609 vett.
602 1561 658 1608 edd.
676 1575 726 1608 cum
743 1567 822 1606 mente
838 1575 917 1607 uerum
933 1568 956 1607 et
973 1559 1078 1608 radicem
1091 1559 1126 1609 ud
1137 1576 1210 1610 renes.
1235 1563 1285 1612 Me.

164 1643 335 1693 bibliothecae
347 1643 472 1706 publicae,
492 1643 636 1704 Gudianus,
658 1645 803 1706 Menapios:
831 1659 881 1690 cum
903 1652 980 1691 menta
997 1660 1074 1692 verum
1092 1643 1196 1692 radicem
1213 1652 1236 1692 et
1252 1644 1287 1694 ud

165 1743 237 1776 renes.
255 1729 397 1776 Vossianus
408 1727 510 1790 Andeg.
524 1743 573 1775 curn
586 1735 660 1775 mente
671 1743 744 1776 uenor
755 1726 859 1775 radicem
872 1727 950 1776 etad:
969 1731 1012 1779 sed
1025 1730 1117 1792 potior,
1130 1745 1181 1777 cum
1194 1736 1285 1777 mentae

155 1827 236 1887 'uersor
251 1809 355 1860 radicem
371 1810 443 1859 etad
459 1827 532 1859 renes.
557 1813 683 1862 Nimirum
700 1813 861 1863 scribendum
878 1822 927 1864 est:
952 1811 1037 1862 Samen
1053 1811 1188 1877 hydropicis
1199 1820 1222 1861 et
1233 1829 1284 1861 coe-

162 1892 232 1943 liacis
242 1893 309 1942 dedit
321 1895 399 1942 tritum
416 1911 466 1943 cum
483 1904 561 1943 rnenta
573 1895 678 1957 Euenor,
696 1895 800 1945 redicem
817 1904 840 1943 et
855 1893 889 1943 ad
904 1911 978 1944 renes.
1001 1897 1088 1946 Habes
1105 1911 1199 1945 nomen
1215 1897 1283 1946 idem

163 1987 188 2029 et
204 1980 248 2029 lib.
261 1984 302 2039 21,
316 1986 346 2030 31
367 1977 436 2040 [105,
453 1978 511 2040 180]
532 1978 655 2027 laudatum
671 1996 725 2028 uero
742 1996 759 2027 u
770 1977 855 2029 Diocle
872 1988 894 2027 et
905 1978 1022 2041 Euenore,
1041 1996 1057 2027 a
1073 1979 1200 2029 Timaristo
1212 1981 1283 2028 etiem

160 2063 273 2113 carmine.
297 2065 332 2112 Et
348 2066 459 2127 reposcit
474 2066 500 2113 id
514 2066 612 2114 Plinius
625 2065 712 2127 paullo
730 2066 844 2128 superius
857 2065 907 2112 boc
919 2065 974 2127 ipso
986 2065 1059 2114 XVI.
1073 2063 1169 2128 [potius
1180 2063 1282 2126 xiim]

162 2151 257 2212 eapite:
276 2146 407 2211 Epiphoris
422 2146 538 2195 oculorum
555 2164 567 2194 e
584 2149 637 2196 uino
654 2146 758 2195 radicem
771 2147 820 2195 eius
834 2156 908 2195 tusam
922 2147 1020 2209 imponit
1030 2146 1121 2207 Ioiius;
1139 2149 1214 2211 ipsum
1231 2165 1283 2197 curn

162 2250 237 2282 moro.
265 2234 314 2282 Hic
336 2247 436 2296 quoque
457 2233 578 2283 Gelenius
600 2233 696 2282 addidit
713 2249 725 2280 e
742 2232 802 2290 uino,
824 2248 874 2296 quo
896 2233 1014 2282 carebant
1034 2234 1131 2296 priores
1152 2234 1282 2283 editiones.

162 2320 254 2381 Margo
271 2326 358 2367 monet
375 2319 399 2366 in
412 2319 462 2367 Ms.
475 2317 552 2368 fuisse
563 2333 648 2366 euenor
659 2316 771 2366 radicem.
795 2317 914 2366 Vossiani
930 2327 980 2366 tres
997 2324 1022 2365 et
1033 2318 1212 2379 Academicus,
1229 2334 1282 2368 oeu-

162 2403 237 2452 iorum
250 2419 362 2452 euenenor
373 2401 485 2451 radicem.
511 2403 651 2462 Gudianus,
670 2418 766 2450 eirenem
778 2399 888 2450 redicem.
911 2402 945 2449 Et
957 2417 1046 2450 manus
1059 2404 1160 2464 quidem
1172 2406 1283 2453 secunda

163 2491 189 2539 iu
205 2490 310 2538 meliore
326 2489 431 2537 tentavit
448 2496 471 2534 et
486 2504 585 2536 cienena:
608 2491 650 2537 sed
667 2502 728 2535 vera
743 2486 819 2535 lectio
833 2493 882 2535 est:
905 2484 1036 2549 Epiphoris
1054 2484 1169 2555 oculorum
1186 2485 1283 2535 Euenor

162 2572 267 2621 radicem
280 2573 331 2619 eius
344 2580 418 2619 tusum
432 2570 530 2633 imponit
536 2589 545 2629 ,·
562 2568 638 2617 Iollas
649 2571 724 2632 ipsum
736 2585 786 2616 cum
799 2585 873 2627 croco,
888 2569 947 2631 part
959 2567 1033 2630 modo,
1045 2578 1068 2618 et
1079 2570 1132 2619 vino
1144 2579 1192 2621 ete.
1210 2573 1283 2621 Haec
1350 2590 1353 2594 “

162 2658 312 2719 scripseram
331 2657 441 2703 confisus
457 2654 685 2716 Dalecampianae‚
705 2660 829 2713 etratus,
848 2654 968 2716 quicquid
986 2662 1052 2704 esset
1069 2656 1095 2703 in
1112 2657 1282 2720 superioribus

162 2741 232 2799 boni,
246 2741 347 2798 ideam,
361 2747 389 2786 ut
402 2738 515 2796 decebat,
533 2739 675 2799 adoptasse.
697 2738 765 2789 Dein
781 2738 855 2785 didici
868 2737 990 2786 Iacobum
1004 2737 1190 2788 cadomensem
1203 2741 1282 2789 nimio

163 2827 246 2874 minus
262 2838 338 2886 quam
355 2823 572 2884 diligenterusum
589 2821 805 2870 observationibus
822 2822 908 2883 magni
925 2823 1047 2871 Pintiani:
1070 2825 1096 2870 in
1109 2824 1200 2886 quibus
1213 2838 1282 2875 com·

162 2911 236 2973 plura
246 2908 407 2957 inveniebam
419 2908 575 2970 praedotata,
594 2921 658 2969 quae
674 2921 741 2955 nunc
758 2906 866 2968 primum
883 2922 924 2955 me
940 2907 1100 2970 proditurum
1114 2921 1281 2970 speraveram.

160 2995 267 3058 Iamque
284 2994 403 3043 adversus
421 3006 451 3041 ea
468 2992 552 3040 omnia
573 2993 708 3055 spongiam
724 2992 857 3054 parabam:
882 3006 963 3055 neque
981 2993 1047 3040 enim
1069 2994 1180 3042 solemus
1196 3002 1282 3042 aetum
1300 2996 1310 3009 ²

162 3095 248 3144 agere:
268 3080 325 3127 dein
338 3086 465 3142 praestare
477 3078 558 3126 visum
572 3077 688 3139 relinqui,
701 3085 729 3126 ut
742 3083 820 3136 erant,
839 3084 939 3137 nostrin
957 3077 993 3125 ita
1005 3085 1098 3136 tamen,
1112 3086 1147 3136 ut,
1161 3092 1226 3140 quae
1238 3077 1282 3126 ille

160 3173 332 3230 praeceperat,
351 3161 447 3212 auctori
460 3176 507 3210 suo
520 3163 689 3220 redderentur,
709 3162 795 3210 adiuta
812 3161 905 3209 codicis
918 3161 993 3208 huius
1005 3161 1162 3220 auctoritate,
1180 3162 1282 3222 qnando

160 3252 237 3311 illius,
256 3264 322 3312 quaa
338 3249 465 3306 debuerat,
483 3247 547 3295 ratio
559 3247 649 3295 habita
666 3261 717 3294 non
730 3253 791 3294 erat.
803 3244 930 3305 decedit,
949 3259 1006 3300 cum
1023 3245 1074 3293 iere
1092 3245 1169 3293 verbo
1181 3253 1282 3295 tantum

162 3337 248 3395 iaciat,
267 3334 301 3381 sie
318 3329 450 3396 lependum,
470 3339 513 3380 ant
529 3329 612 3378 meiius
629 3346 688 3390 esse,
707 3339 736 3379 ut
752 3345 804 3379 non
820 3332 853 3379 sit
871 3331 986 3391 obvium,
1006 3333 1099 3380 nedum
1117 3330 1202 3390 cuivis,
1222 3331 1283 3392 quid

160 3420 263 3478 viderit,
282 3417 343 3479 quid
362 3423 462 3464 secutus
481 3417 525 3475 sit,
550 3417 715 3477 quamobrem
734 3415 801 3464 eliud
819 3423 895 3476 atque
913 3414 982 3463 aliud
999 3413 1138 3478 praeferat,
1161 3415 1281 3474 divinare,

99 3508 148 3555 tta
161 3510 238 3565 atque
254 3501 312 3549 ideo
330 3500 481 3562 explicatius
494 3502 581 3548 cadem
595 3501 660 3548 tradi
673 3500 871 3562 haudquaquam
888 3500 920 3548 sit
936 3500 1129 3561 aspernandum.
1151 3500 1194 3547 Ex
1209 3500 1282 3548 unio-

161 3587 234 3635 nibus
251 3586 327 3648 igitur
342 3584 401 3644 illis,
419 3599 484 3646 qnos
495 3585 628 3634 Pintianus
646 3591 705 3632 ante
718 3585 839 3642 seculum,
858 3593 883 3633 et
896 3584 962 3645 quod
976 3583 1094 3642 excurrit,
1112 3583 1183 3645 quasi
1195 3583 1282 3633 avibus

160 3670 238 3720 cortis
251 3670 349 3729 obiecit,
363 3678 402 3718 est
413 3677 519 3732 utroque
532 3671 589 3718 loeo
602 3670 693 3717 medici
705 3684 806 3717 nomen.
857 3653 862 3661 ’

196 3755 261 3805 Can.
273 3754 374 3804 XVIII.
394 3752 446 3814 [76,
463 3752 521 3815 198]
546 3752 596 3804 Sed
606 3753 680 3801 satiei
690 3751 742 3801 albi
753 3751 817 3800 culix
829 3752 878 3815 ipse
891 3752 973 3799 teritur
985 3761 1007 3798 et
1019 3769 1031 3798 e
1043 3749 1106 3812 uino]
1127 3752 1235 3800 Rursum
1248 3747 1281 3798 τὰ

162 3839 238 3888 esino
250 3840 399 3902 interposuit
411 3838 538 3888 Gelenius.
558 3840 677 3889 Vossiani
690 3841 740 3887 duo
754 3837 835 3886 teritur
847 3845 869 3883 et
886 3837 939 3885 vino
956 3837 1048 3884 bibitur.
1071 3838 1152 3898 quue
1168 3835 1282 3886 sufficere

162 3938 261 3974 censeo.
286 3924 338 3974 Sed
353 3924 520 3987 praestantior
537 3924 613 3972 etiam
631 3931 653 3968 et
668 3922 760 3982 sativis,
778 3930 805 3972 ut
818 3930 843 3972 et
853 3921 925 3970 sotini
937 3922 973 3969 itu
985 3919 1094 3980 dicimus,
1113 3923 1182 3982 quod
1194 3935 1208 3969 e
1220 3919 1281 3970 Chi-

161 4010 264 4059 datiano
287 4023 387 4071 quoque
410 4015 533 4073 notatum.
560 4009 688 4057 umentia:
716 4005 852 4070 Papaveris
869 4007 942 4054 satim
957 4005 1005 4053 tria
1023 4003 1126 4052 diximus
1143 4020 1241 4067 ponera,
1260 4013 1282 4051 et

161 4098 241 4154 sponte
257 4092 373 4141 nascentis
390 4091 441 4141 aliu
455 4091 611 4155 promisimus.
635 4090 661 4138 E
677 4092 762 4139 sativis
779 4091 829 4140 atti
844 4090 907 4140 culix
923 4091 972 4154 ipse
990 4090 1072 4138 teritur
1088 4098 1110 4137 et
1128 4089 1181 4137 uino
1197 4087 1282 4137 bibitur

161 4175 237 4224 sontut'
248 4192 329 4226 ceusu.
347 4179 432 4228 Locus
444 4191 518 4239 quem
532 4177 634 4239 respicit
646 4185 684 4224 est
694 4177 736 4224 lib.
752 4181 790 4235 19,
805 4182 819 4224 8
834 4173 886 4236 [53,
901 4173 970 4235 187]
990 4173 1128 4237 Papaveris
1143 4173 1218 4222 satiei
1234 4174 1282 4222 trio

160 4275 261 4325 ponera:
283 4259 424 4321 cmdidum,
443 4259 509 4308 usius
526 4275 601 4308 semen
619 4272 666 4310 etc.
693 4263 726 4310 Et
743 4276 805 4309 mox
824 4257 963 4320 [oa,1oe]:
987 4258 1028 4306 De
1043 4256 1139 4320 reliquis
1158 4255 1281 4321 ueneritne
