2918 4794
531 311 636 353 noran
652 311 695 353 sn
711 311 794 355 omn.
810 311 926 351 xxxrv.
1249 290 1289 353 87

166 466 232 516 iusoc
248 463 302 514 desi.
324 464 361 514 Ut
377 462 507 526 praecepit
522 462 658 511 Turnebus
672 467 712 511 16.
730 461 797 511 Adv.
812 465 851 510 12.
874 460 1007 511 Pintianus
1024 461 1141 512 insanum
1159 463 1235 523 mala,
1258 459 1293 509 ool
1369 467 1378 472 “

167 548 251 600 oedem
262 547 367 600 Nortiae
377 545 497 596 Etruscae
509 544 574 595 deae.

204 632 259 696 [lta
273 630 316 694 55]
335 629 470 696 Polycletus
482 630 609 695 Sicyonius
620 629 739 693 Aqeladis
751 627 891 693 discipulus]
911 630 986 679 Voss.
1004 627 1112 692 aqelade.
1131 631 1167 681 Ut
1180 639 1205 679 et
1217 645 1290 680 mox:

168 716 270 783 aqelade
282 725 303 766 et
316 716 390 779 s'psum
403 714 552 779 discipulum.
576 716 663 767 Scribe
679 713 814 779 Aqelodae.
837 714 885 764 Est
903 715 972 762 anim
989 712 1110 777 Aqolades
1128 723 1154 764 et
1166 713 1291 778 Apeladas

168 803 239 867 apud
250 801 405 851 Pausaniam
417 802 499 865 prima
512 800 587 850 stiam
600 800 779 850 declinatione.
804 799 846 849 Sic
864 806 890 847 et
902 798 1044 849 Pintlanus.
1065 800 1191 864 Apuleius
1205 800 1236 847 de
1248 802 1291 849 do-

168 895 257 952 gmate
269 886 387 936 Platonis
402 883 438 948 [p.
449 890 473 945 2,
486 889 527 935 85.
539 882 685 946 Elmenb.]:
707 883 857 947 Quapropter
868 881 964 931 inuento
975 883 1136 932 Parmenides
1148 899 1177 932 oc
1189 883 1292 934 Zenonis

168 969 296 1020 studiosius
308 976 437 1018 exsecutus.
456 969 499 1018 Sic
513 970 722 1020 membranaceus
735 968 809 1017 huius
821 968 986 1028 Academiae,
998 982 1052 1017 non
1064 967 1224 1018 Parmenides.

204 1051 258 1115 [la
272 1049 316 1114 56]
335 1051 469 1112 Herculem,
482 1052 525 1115 qui
531 1052 625 1103 Romae
633 1051 752 1101 Antaeum
765 1068 782 1100 a
795 1059 861 1099 terra
872 1049 1025 1114 sustinentem]
1039 1052 1121 1103 Acad.
1138 1052 1214 1102 Roma
1225 1067 1292 1101 accr-

168 1153 223 1187 ram
238 1136 396 1186 sustinentem.
420 1138 489 1186 Men.
502 1145 527 1186 et
540 1137 607 1188 Gud.
624 1136 700 1186 Rome
718 1153 734 1184 a
747 1144 812 1184 terra
824 1134 981 1184 sustinentem.
1005 1137 1080 1186 Voss.
1098 1134 1233 1195 Herculem,
1252 1134 1294 1197 qui

88 1212 94 1217 ’
168 1237 264 1280 rotnace
280 1227 378 1285 apetera
389 1236 459 1268 arma
469 1228 603 1270 sumentem.
626 1221 738 1271 Pintiani
750 1222 822 1281 liber,
836 1219 928 1269 Romae
941 1218 973 1268 lta
984 1226 1062 1269 cetera
1074 1236 1144 1270 arasa
1155 1227 1291 1268 sumentem:

168 1307 238 1358 uude
249 1305 300 1366 ille,
312 1306 336 1353 in
348 1313 464 1355 eacetrom
477 1321 547 1355 arma
558 1312 694 1354 sumentem.
712 1306 802 1356 Potius
814 1306 924 1355 videtur:
941 1303 1076 1364 Herculem,
1092 1303 1135 1367 qui
1145 1303 1245 1364 Rornae,
1262 1305 1292 1352 ab

172 1389 258 1440 Otrora
269 1405 340 1439 orma
350 1397 484 1439 sumentem.
506 1390 562 1439 Etsi
579 1389 622 1439 alii
641 1391 673 1440 ab
691 1390 806 1454 Antiopa
823 1391 922 1440 malint.
945 1389 996 1441 Sed
1013 1391 1078 1439 haec
1095 1389 1201 1440 nomina
1217 1388 1292 1438 facile

169 1481 369 1525 commutentur.
497 1528 520 1537 -.

204 1556 258 1620 [19,
272 1556 316 1620 63]
334 1557 418 1606 Etiam
436 1557 584 1605 cicatricibus
602 1558 680 1620 operis
692 1565 762 1620 atque
775 1555 937 1619 corescissuris]
956 1559 1033 1607 Voss.
1047 1556 1180 1606 concisurus.
1204 1558 1239 1606 Et
1256 1558 1292 1607 sic

168 1642 330 1690 scribendum
347 1641 415 1704 apud
432 1641 559 1691 Iustinum
572 1647 596 1702 t,
617 1648 627 1690 1
644 1639 715 1703 [20]:
735 1641 808 1691 tantis
823 1649 915 1691 structo
932 1639 1036 1704 molibus,
1057 1649 1090 1690 tot
1096 1642 1175 1705 fossis
1192 1640 1291 1690 consuo.

169 1726 264 1777 Caesar
274 1727 318 1775 lib.
332 1734 347 1776 3
362 1724 397 1787 [9,
408 1724 435 1787 t]
456 1725 524 1777 Gall.
535 1724 657 1788 pedestria
669 1726 756 1774 itinera
767 1727 861 1776 concisa
873 1726 1009 1775 aestuariis.

207 1806 261 1870 [19,
275 1807 319 1871 64]
339 1808 480 1872 Satyrorum
495 1818 604 1870 turmam,
615 1808 781 1858 Alexandrum
794 1811 968 1872 aulicorumque
980 1808 1041 1872 eius]
1060 1811 1202 1871 Turnebus,
1219 1808 1292 1872 Satp·

170 1907 231 1950 rum,
249 1900 349 1942 turmam
367 1892 505 1942 Alexandri
523 1893 696 1957 amicorumque
716 1894 773 1944 eius.
803 1895 907 1945 Plenius
926 1901 952 1944 et
966 1894 1125 1943 commodius
1142 1894 1291 1953 Vossianus,

168 1977 238 2026 Men.
252 1976 318 2027 Gud.
331 1979 565 2042 Academicusquer
577 1978 680 2028 Atlenis
692 1977 814 2043 Satyrum,
828 1988 928 2027 turmam
941 1972 1086 2037 Alexandri,
1102 1977 1127 2025 in
1145 1993 1193 2040 quo
1205 1977 1291 2024 arnico-

169 2077 222 2109 rum
234 2061 283 2110 eius
295 2061 410 2125 imaqines
421 2079 511 2111 masma
524 2064 624 2113 omnium
637 2062 791 2113 similitudine
801 2063 925 2126 expressit.
943 2063 1026 2112 Immo
1042 2069 1067 2111 et
1075 2062 1187 2112 Pintiani
1199 2062 1290 2109 codex.

204 2143 257 2206 [19‚
272 2144 315 2207 66]
334 2145 378 2195 Ad
391 2146 522 2210 Trophonii
532 2147 651 2196 oraculum
664 2146 797 2212 quadriqas
808 2146 911 2197 Medeae
927 2146 1056 2210 complures
1069 2162 1152 2210 equum
1165 2161 1215 2194 cunt
1221 2143 1290 2206 fisci-

169 2227 219 2290 nis]
237 2230 318 2279 Recto
330 2232 472 2294 Turnebus,
489 2230 640 2281 simulacrum
657 2231 789 2296 Trophonii
804 2230 839 2280 od
854 2229 982 2281 oraculum.
1006 2231 1049 2282 Sic
1065 2234 1131 2281 enim
1149 2241 1174 2280 et
1186 2229 1291 2278 Vossia-

169 2328 225 2374 nus,
241 2315 344 2378 Menap.
361 2317 592 2379 Academicusque.
622 2318 672 2367 Sed
689 2327 713 2370 et
735 2319 804 2380 quod
820 2318 940 2380 sequitur,
958 2318 1068 2378 graviter
1083 2316 1192 2365 laborat.
1216 2315 1290 2364 Voss.

170 2395 303 2462 quadripes
315 2398 390 2448 medei
402 2399 524 2463 conplures
536 2400 624 2463 aequin
636 2400 799 2464 eunsfuscinis
811 2417 892 2449 canem
904 2402 1043 2450 venaticum.
1065 2401 1146 2449 Acad.
1159 2396 1292 2461 quadripes

169 2480 234 2531 mede
251 2481 399 2552 cumplures
415 2484 484 2547 equin
501 2485 663 2548 oumsucinis.
685 2487 772 2545 Forte,
791 2481 1195 2548 quadriqasinaedesromplures.
1219 2482 1291 2531 Haec
1333 2528 1336 2539 ,

169 2568 237 2617 enim
250 2579 399 2619 ornamenta
412 2569 573 2632 fastigiorum
582 2577 663 2619 erant.
681 2570 793 2621 Iustinus
802 2570 846 2618 lib.
857 2575 890 2619 24
901 2567 937 2631 [7,
948 2567 991 2630 10]
1006 2571 1036 2618 de
1045 2570 1141 2632 templo
1151 2568 1289 2631 Delphico:

168 2659 308 2715 statuasque
319 2668 370 2700 cum
383 2652 515 2717 quadrupla,
528 2669 628 2716 quarum
641 2653 722 2718 inqens
734 2653 804 2718 copia
817 2652 902 2717 procul
919 2655 1043 2715 ruebatur,
1060 2651 1135 2702 solido
1147 2668 1207 2701 auro
1216 2653 1291 2715 fusas

168 2752 225 2786 esse.
243 2737 275 2786 In
286 2737 384 2799 templo
396 2737 528 2799 Apollinis
540 2739 652 2788 Palatini

183 2869 190 2875 ,
405 2821 473 2869 Auro
485 2820 551 2871 Solis
563 2830 617 2870 erat
627 2822 816 2886 suprafastiqia
828 2839 921 2885 currus,

168 2912 197 2951 ut
209 2904 279 2952 canit
289 2904 436 2966 Propertius
449 2906 492 2953 lib.
506 2909 529 2953 t.
543 2907 609 2967 eleg.
622 2912 644 2954 3.
660 2904 792 2966 [Erratum
808 2908 884 2956 estin
896 2909 1015 2957 numeris.
1037 2909 1084 2957 Est
1096 2908 1168 2958 locus
1180 2908 1252 2970 meg.
1267 2915 1289 2966 2,

169 2991 210 3048 82,
229 2993 273 3046 ll,
294 2990 361 3050 apud
378 2988 537 3038 Lachmann.
556 2995 580 3049 3,
594 2993 635 3050 27,
655 2995 698 3048 ll,
721 2991 765 3052 qui
787 2991 899 3052 scripsit:
922 2989 990 3053 Hrqo
1007 2990 1071 3040 Solis
1087 3000 1142 3040 erat
1156 3009 1231 3056 supra
1243 2993 1289 3052 sa-

168 3071 241 3134 stiqia
253 3069 355 3140 capus]
374 3072 461 3122 Livius
474 3074 517 3122 lib.
533 3078 563 3121 10
578 3071 634 3134 [23]
646 3090 651 3120 :
664 3088 740 3120 aenea
750 3073 775 3120 in
787 3069 903 3134 Capitolio
916 3072 1007 3134 limina,
1020 3073 1144 3138 Iovemque
1156 3076 1181 3122 in
1193 3074 1291 3124 eulmine

168 3169 219 3203 cum
231 3153 363 3219 quadripes.
387 3156 438 3207 Sed
454 3159 515 3218 quid
526 3158 571 3206 fiet
582 3157 626 3206 illo
639 3156 740 3218 aequin?
760 3156 909 3206 Violentum
919 3157 986 3207 sorte
998 3159 1031 3208 sit
1041 3157 1177 3221 Neptunum
1189 3158 1289 3220 cumfu-

168 3235 250 3287 scinis:
268 3253 320 3287 una
331 3240 400 3288 enim
413 3240 436 3289 ei
453 3240 602 3291 sufficiebat.
624 3241 739 3304 Hercqna
755 3242 831 3291 etiam
850 3241 1029 3292 obversabatur
1044 3238 1160 3300 σύνναος
1171 3243 1289 3307 Tropho-
1303 3255 1352 3299 sos

167 3322 215 3370 nii:
231 3323 277 3372 sed
294 3324 356 3386 quid
373 3323 482 3373 illisum
500 3325 620 3376 luscinis?
643 3326 817 3375 Placidissime
834 3327 932 3376 videtur
944 3327 1015 3376 exire
1030 3342 1099 3388 seque
1115 3342 1165 3375 cum
1174 3327 1288 3390 fuscinis.

168 3405 258 3455 babitu
269 3407 369 3456 scilicet
380 3408 506 3471 piscaturi.
524 3411 662 3460 Petronius
673 3408 740 3473 [cop.
755 3408 826 3472 109]:
838 3410 911 3459 Alios
923 3409 1066 3459 exsultantes
1078 3412 1206 3474 quaerebat
1208 3411 1288 3474 susci-

167 3502 200 3535 na
208 3487 293 3551 pisces.
312 3491 467 3553 Hesychius:
484 3485 672 3556 θυννάζοντες,
685 3493 854 3552 κεντοῦντες·
873 3492 939 3551 τοὺς
955 3491 1009 3560 γὰρ
1024 3474 1162 3560 perdicae
1173 3492 1290 3553 θύννους

167 3567 319 3634 τριόδοοσιν
332 3570 499 3635 ἐλάμβανον.
518 3578 616 3627 Plinius
629 3584 652 3638 9,
668 3584 697 3628 15
713 3576 765 3640 [20,
779 3576 837 3640 511:
856 3579 918 3629 miro
929 3578 1050 3628 dulcedine
1059 3596 1104 3642 per
1116 3579 1207 3643 aliquot
1217 3579 1287 3629 lora-

166 3670 218 3703 rum
230 3657 312 3719 spatia
323 3666 346 3705 et
355 3675 469 3721 passuum
481 3658 559 3707 millia
570 3676 587 3708 a
597 3660 763 3723 pubernaculis
774 3669 919 3724 spectantur,
941 3678 969 3710 ne
985 3662 1086 3713 tridente
1103 3663 1195 3727 quidem
1213 3665 1237 3712 in
1250 3681 1288 3712 eos

166 3739 262 3803 saepius
273 3741 335 3790 iacto
348 3743 430 3791 territi.

200 3821 255 3886 [l9,
274 3824 316 3887 72]
339 3826 375 3874 At
391 3824 510 3890 Polycleti
524 3825 653 3890 discipulus
670 3827 791 3877 Aristides
808 3828 941 3894 quadripes
958 3831 1077 3896 biqusque.
1105 3832 1141 3881 Et
1157 3833 1288 3898 Iplticratt's

167 3906 251 3957 leaena
263 3907 388 3972 laudmur]
409 3911 525 3972 Quattuor
537 3911 631 3974 scripti,
644 3910 680 3960 At
688 3912 806 3977 Polycleti
813 3914 942 3965 Aristides.
962 3917 1061 3967 Sufficit
1073 3919 1140 3968 enim
1153 3920 1203 3968 buc
1215 3920 1288 3969 intel·

165 3991 210 4054 ligi
222 4008 318 4055 vocem,
337 4010 401 4057 quae
414 3997 498 4059 posita
510 4003 549 4045 est
560 3997 586 4044 in
599 4000 713 4048 membro
726 4001 899 4062 praecedenti:
917 3999 1057 4050 Alcornenes
1069 4001 1173 4052 Pisidiae
1184 4004 1287 4069 discipu·

166 4073 209 4125 lus.
234 4078 301 4128 Dein
313 4081 388 4129 Voss.
410 4081 477 4143 liqas
490 4097 561 4142 quam
571 4079 697 4143 plicrotis.
715 4087 803 4135 Forte:
823 4085 943 4149 biqasque.
969 4087 1094 4136 Tutorem
1106 4087 1189 4138 leaena
1202 4090 1287 4140 laodo-

166 4169 212 4212 tur.
235 4164 310 4213 Dixit
327 4166 394 4213 enim
411 4166 525 4229 superius
540 4163 664 4230 [19,st]:
681 4169 759 4218 Huius
773 4186 846 4232 porro
858 4168 986 4235 discipulus
993 4172 1048 4235 fuit
1063 4172 1088 4222 T
1085 4173 1192 4224 s'sicrmes
1204 4184 1226 4225 et
1237 4176 1288 4240 r'pm

161 4245 299 4311 ,Sicyonius
317 4247 425 4299 Inferius
439 4248 492 4312 llll,
505 4249 563 4314 83]:
576 4251 726 4304 Xenocrates
742 4254 867 4307 Tnicratis
878 4255 1014 4321 discipulus.
