2918 4794
476 293 580 335 uorsa
596 294 639 335 nn
654 293 737 333 rima.
754 291 821 331 xvr.
839 290 906 330 xix.
923 289 980 330 xx.
1245 270 1283 332 15

165 449 265 513 plenum,
285 463 318 496 an
330 448 422 497 mirum
436 453 473 495 est
485 447 511 494 id
522 446 574 495 fieri
593 458 626 492 cx
636 441 715 505 plenu,
734 458 810 505 quum
824 441 1007 491 vetustissimus
1020 440 1134 490 minutae
1146 442 1284 506 scripturae

167 535 295 582 character
311 531 412 581 vocales
424 529 448 577 A
461 538 486 578 et
503 529 529 579 U
540 537 592 578 tam
604 528 698 578 similes
710 528 818 576 reddat?
836 527 880 576 An
892 534 1026 590 propterea
1038 526 1189 576 demendum
1201 528 1285 576 Plinio

166 616 258 667 Audon
273 616 331 676 vito,
350 616 392 678 qui
410 615 503 664 centies
520 613 591 662 uitam
609 612 763 675 praecoma,
780 626 826 674 pro
840 611 991 671 hominibus,
1009 617 1120 673 usurpet,
1137 611 1202 660 nihil
1214 622 1242 661 ut
1253 612 1286 661 sit

167 701 189 749 ei
207 700 373 749 familiarius?
396 695 487 746 Audax
504 696 560 757 uita,
578 704 624 746 ete.
642 696 667 743 id
684 704 730 756 est,
747 694 864 744 homines
880 695 987 758 improbi
1004 710 1034 744 ae
1050 695 1185 754 temerarii,
1202 697 1286 745 audax

167 785 248 848 Iapeti
264 798 353 846 genus,
370 782 431 844 quid
447 795 498 831 non
516 781 576 830 estis
587 779 689 829 moluit
712 793 777 842 quac
794 794 846 827 non
864 780 961 828 scelera
978 778 1106 829 edidistis?
1129 776 1220 827 Andos
1237 778 1286 827 uita

167 875 212 926 est,
231 868 298 929 quod
315 867 377 916 dicit
392 865 436 915 lib.
450 870 490 925 21,
505 870 536 915 10
554 860 680 925 [31,5c]:
702 860 768 920 Quid
782 878 827 909 nou
846 870 963 910 tentavere
980 859 1099 911 tornines?
1124 863 1178 911 Iam
1195 861 1289 926 aliquid

166 950 214 999 seri
224 951 316 1000 dicitur
326 952 439 1014 abrupte,
458 948 589 998 intellectu
605 945 658 995 τῶν
671 962 733 1010 quae
744 953 873 995 commenta
885 962 916 1007 aa,
929 946 969 995 vel
981 944 1046 994 itane
1057 954 1184 995 commenta
1196 963 1228 1008 es,
1246 947 1286 998 vel

166 1035 254 1083 Annon
266 1040 391 1082 menstruum
404 1036 455 1081 esti
475 1039 505 1081 ut
522 1032 603 1081 multa
618 1030 680 1081 talia
695 1046 741 1094 per
757 1031 902 1091 infinitivus,
919 1032 950 1081 dc
962 1031 1079 1094 qualibus
1091 1031 1196 1082 Obserr.
1209 1036 1233 1092 2,
1248 1038 1287 1082 lt.

168 1120 221 1168 Pro
238 1127 291 1168 tam
308 1118 406 1168 acribus
422 1124 448 1166 at
463 1116 655 1166 vehementibus
670 1115 834 1165 subiicientur
845 1114 917 1164 uobis
929 1113 975 1164 illa
986 1114 1081 1164 scilicet
1092 1116 1200 1166 meantia
1211 1130 1287 1180 sopo-

167 1204 253 1266 risque
266 1209 291 1251 et
302 1202 408 1251 inertiae
419 1201 508 1265 plenae
530 1198 622 1250 Audax
633 1197 666 1260 id,
682 1207 709 1248 ut
724 1197 836 1248 seelermn
845 1197 939 1262 plenum
948 1196 1048 1262 aliquid
1058 1199 1112 1248 seri.
1136 1199 1191 1249 Iam
1203 1202 1225 1250 si
1236 1216 1288 1250 me-

167 1288 254 1346 liores,
273 1293 298 1334 ut
314 1285 404 1349 capiat,
420 1285 469 1335 fuit
485 1286 580 1347 utiquc,
598 1292 623 1332 ut
639 1291 717 1332 ventos
730 1283 877 1346 procellosae
892 1283 981 1347 capiat,
999 1285 1212 1347 quemadmodum
1228 1287 1288 1337 Pin-

169 1372 260 1420 cianus.
279 1370 338 1430 Sed,
351 1378 380 1419 ut
391 1370 453 1431 dixi,
466 1376 583 1432 quatuor,
597 1384 659 1431 quas
671 1378 731 1418 aute
744 1369 834 1418 oculos
846 1368 977 1430 habemas,
990 1369 1159 1430 membranae,
1174 1378 1201 1418 ut
1212 1379 1290 1420 ventos

167 1451 329 1518 procellasque
347 1452 453 1517 recipiat.
481 1452 550 1514 Quid
572 1460 611 1503 est
632 1460 730 1514 autem,
755 1468 796 1501 nec
811 1467 898 1516 parum
916 1467 965 1500 esse
982 1459 1005 1500 et
1013 1451 1129 1515 fluctibus
1145 1453 1203 1518 eolis
1219 1453 1289 1506 uehi?

168 1537 244 1597 Nam,
263 1545 292 1587 ut
309 1539 360 1589 hoc
376 1537 488 1598 minime,
507 1537 542 1586 ita
558 1536 665 1586 alterum
683 1534 763 1600 (quod
776 1538 835 1600 quia
846 1551 891 1600 per
903 1552 1005 1588 causam
1017 1537 1104 1602 scripti
1117 1538 1226 1588 convelli
1238 1553 1290 1589 nou

170 1622 260 1685 potuit,
279 1622 335 1671 sola
346 1622 451 1671 libidine
464 1618 589 1682 mutatur)
601 1620 748 1686 planissime
760 1636 891 1684 assequor:
909 1621 943 1671 Et
954 1636 1043 1686 pamm
1056 1622 1117 1670 mali
1130 1629 1175 1671 aut
1185 1623 1292 1686 periculi

170 1707 266 1771 putari,
285 1708 354 1768 quod
371 1708 467 1756 ineerta
483 1706 606 1755 fluctuum
625 1705 827 1763 navesiacteut:
849 1712 876 1754 et
893 1706 963 1769 quasi
981 1720 1070 1769 parum
1090 1707 1242 1758 discriminis
1259 1710 1292 1759 sit

170 1790 276 1850 aditum,
294 1804 352 1839 cum
364 1791 448 1854 coepit
462 1788 580 1839 fluctibus
594 1789 719 1837 committi
731 1789 810 1850 navis,
827 1790 896 1838 ultro
910 1791 1060 1853 comparari,
1073 1804 1119 1854 per
1130 1793 1199 1853 quod
1210 1793 1292 1855 magis

171 1875 203 1923 sit
215 1875 242 1922 in
250 1856 381 1937 'potestate
392 1880 527 1923 ventorum
538 1886 569 1921 ac
579 1871 757 1937 procellarum.
776 1872 803 1923 Si
815 1868 846 1920 τὸ
860 1887 901 1920 nee
913 1873 1076 1934 admittimus,
1089 1874 1226 1925 dicendum
1238 1876 1292 1936 erit,

172 1973 213 2005 nee
224 1955 284 2005 satis
295 1972 351 2005 esse.
375 1956 494 2021 Sequitur
504 1957 610 2006 ibidem:
633 1971 704 2020 super
715 1972 756 2005 eas
769 1963 846 2004 tornea
861 1954 922 2004 addi
932 1954 1034 2005 velorum
1046 1956 1097 2006 aiio
1108 1956 1168 2017 uelo,
1183 1967 1292 2023 praeter-

173 2057 217 2103 que
228 2041 253 2089 in
263 2040 343 2104 proris
354 2049 376 2090 et
388 2039 440 2090 alia
451 2041 476 2090 in
486 2041 603 2106 puppibus
613 2039 696 2105 pondi.
721 2040 764 2090 Sic
775 2042 837 2092 Mes.
850 2042 947 2103 Vulgo,
957 2049 1098 2105 praeterque
1109 2041 1161 2092 alia
1171 2044 1196 2093 in
1204 2044 1292 2108 proris¹

174 2126 314 2177 Salmasius
332 2127 445 2190 corrigit:
469 2133 569 2189 praeter
585 2141 646 2188 quoe
667 2125 692 2173 in
710 2125 806 2189 proris,
828 2125 923 2176 oblitus
941 2126 992 2175 hoc
1006 2135 1148 2190 praeterque
1163 2129 1249 2180 Plinio
1267 2131 1293 2182 in

174 2211 269 2260 deliciis
290 2225 356 2260 esse:
381 2225 459 2274 quum
479 2210 533 2274 ipsc
550 2209 576 2260 id
594 2210 720 2260 notaverit
739 2210 772 2258 ad
790 2209 976 2260 Tertullianum
997 2213 1029 2261 de
1045 2212 1128 2262 Pallio
1148 2229 1173 2277 p.
1194 2219 1249 2264 140.
1268 2216 1294 2267 in

174 2294 265 2355 verbis,
279 2309 344 2357 quae
356 2301 457 2344 exstant
469 2293 514 2343 lib.
527 2298 550 2355 9,
564 2297 596 2344 89
610 2291 663 2356 [64,
679 2290 752 2355 138]
769 2292 801 2341 In
812 2291 960 2358 conchyliata
972 2301 1033 2345 veste
1045 2303 1140 2344 caetera
1151 2295 1233 2345 eodem
1243 2297 1295 2347 sine

176 2376 277 2427 buccine.
292 2386 436 2441 praeterque
452 2377 489 2427 ius
501 2385 644 2442 temperatur
655 2393 727 2440 aqua.
749 2377 899 2441 Praeterque
910 2377 935 2426 in
944 2378 1026 2441 proris
1038 2387 1060 2427 et
1071 2378 1123 2428 otia
1133 2380 1158 2428 in
1166 2381 1293 2445 puppibus,

175 2467 221 2522 est,
238 2468 264 2511 et
277 2470 453 2526 praeterquam
471 2461 498 2511 in
513 2461 594 2526 proris
611 2463 686 2512 etiarn
704 2461 755 2510 alia
770 2463 796 2511 in
812 2461 939 2526 puppibus
957 2464 1012 2513 vela
1029 2465 1113 2527 pandi.
1136 2465 1197 2515 Vid·
1209 2468 1242 2516 ad
1253 2471 1294 2516 aa.

175 2546 220 2595 ult.
243 2544 296 2608 [Ex
308 2543 411 2596 Mucell.
423 2561 447 2609 p.
462 2543 532 2608 850]

580 2744 644 2808 AD
667 2744 786 2812 LIBR.
809 2747 891 2812 XX.

211 2884 276 2934 Cur.
287 2883 376 2933 XVII.
395 2881 448 2944 [ta
464 2880 525 2944 lae]
554 2880 610 2932 Ouum
629 2884 685 2948 opio
697 2883 801 2949 ob'aetus
817 2893 1001 2936 sternutamento
1012 2886 1111 2951 inhibet]
1135 2890 1296 2956 Quamquam
1310 2852 1358 2951 iii

177 2969 260 3017 omnis
277 2967 351 3016 huius
367 2968 451 3031 coepti
467 2967 560 3016 fiducm
576 2969 714 3017 secuudum
731 2965 778 3016 τὸν
794 2966 904 3033 δωτῆρα
922 2967 994 3018 ἐάων
1014 2973 1089 3024 nobis
1105 2975 1138 3023 sit
1154 2970 1359 3055 archetypaflffl·

177 3051 315 3100 Vossiana:
342 3063 394 3098 non
415 3049 555 3112 sprevimus
576 3057 661 3098 tamen
681 3051 813 3112 adhibere,
835 3067 898 3114 quas
918 3054 1059 3116 potuimus,
1081 3064 1107 3106 et
1124 3061 1229 3109 secundi
1245 3062 1297 3112 loci
1354 3040 1360 3053 ’

177 3132 343 3194 membranas,
361 3134 431 3182 velut
447 3133 587 3184 Vossianus
598 3134 672 3184 binas
688 3132 871 3198 (distinguendi
888 3151 950 3200 ergo
966 3137 998 3186 ab
1016 3139 1131 3202 dominis,
1149 3157 1214 3206 quos
1226 3152 1297 3195 anm·

178 3220 226 3267 hac
244 3217 310 3266 alter
330 3216 354 3264 in
376 3219 440 3279 fine,
463 3219 526 3268 alter
542 3219 568 3267 in
583 3218 707 3282 principio
723 3219 840 3270 habuisse
857 3235 884 3271 se
902 3228 1036 3286 testantur,
1057 3224 1257 3289 Andagaveuses
1273 3235 1298 3278 ct

178 3301 309 3365 Menapias
327 3301 534 3366 appellabimus),
553 3310 654 3366 quartus
669 3304 834 3366 Academiae,
853 3306 953 3370 quintas
972 3309 1134 3360 eruditissimi
1146 3313 1298 3375 atinganio·

178 3387 268 3437 sissimi
276 3372 429 3450 'Marquardi
441 3385 519 3436 Gudii
535 3388 614 3438 nostri
631 3385 675 3450 [de
687 3389 727 3440 his
740 3390 813 3440 codd.
826 3390 882 3440 vide
895 3407 959 3454 quae
971 3390 1053 3458 Sillip.
1065 3396 1143 3446 habet
1153 3396 1180 3446 in
1191 3397 1298 3462 praefat

178 3487 202 3534 p.
214 3468 356 3533 xxxm:
374 3485 426 3521 non
441 3471 498 3521 illas
514 3473 616 3535 quidem
634 3474 725 3523 aetatis
741 3476 853 3525 eiusdem
865 3483 891 3526 et
901 3478 968 3540 fidei,
986 3479 1087 3529 interim
1099 3480 1188 3546 utiles3
1205 3483 1299 3548 quippe

179 3569 243 3620 quae
255 3569 336 3618 neque
349 3562 455 3620 repente
467 3571 482 3604 a
494 3555 664 3607 vetustissima
676 3559 799 3623 scriptura
810 3561 888 3622 omni,
899 3564 943 3612 sed
951 3564 1106 3626 pedetentim
1118 3572 1144 3616 ct
1151 3579 1197 3631 per
1205 3568 1298 3631 gradm

179 3653 287 3700 cumque
299 3639 385 3701 aliquo
398 3639 494 3704 pudore
505 3640 658 3703 abscessum,
677 3650 702 3690 et
713 3644 735 3692 si
747 3659 799 3694 non
811 3646 889 3709 plano
902 3648 1056 3708 testimonio,
1075 3650 1184 3712 vestigiis
1197 3651 1299 3713 quibus-

180 3724 247 3781 dum,
264 3724 396 3774 veritatem
413 3731 458 3773 aut
474 3724 527 3774 eius
539 3727 696 3775 revocandae
708 3729 841 3791 propiores
852 3731 914 3792 vias,
932 3732 1140 3783 demonstrarent
1161 3734 1211 3784 Hic
1222 3735 1300 3797 igitur

181 3813 206 3853 et
216 3805 291 3855 Voss.
309 3814 335 3856 et
349 3806 529 3869 Academicus,
547 3816 712 3860 sternumenta.
736 3811 826 3876 Neque
841 3813 884 3863 hic
900 3817 986 3877 modo,
1003 3816 1049 3866 sed
1064 3817 1140 3866 ctiam
1155 3819 1199 3868 lib.
1212 3825 1252 3881 al,
1268 3824 1298 3869 lt

183 3887 236 3950 [44,
250 3886 293 3950 75]
312 3887 370 3938 odor
381 3889 473 3940 alienus
484 3898 642 3941 sternumenta
655 3893 764 3956 protinus
780 3911 879 3947 movens.
897 3905 922 3948 et
935 3914 990 3963 cap.
1003 3906 1035 3950 22
1047 3898 1099 3962 [93,
1115 3900 1175 3964 163]
1192 3911 1300 3953 monetet

180 3970 275 4021 andum
291 3981 457 4025 sternumento.
480 3975 524 4026 lib.
542 3982 610 4038 2³‚1
632 3974 685 4039 [27,
704 3976 748 4041 54]
770 3979 887 4044 sinqaitus
903 3981 1003 4044 cohibet,
1025 3991 1184 4034 stemumento
1200 3985 1299 4051 olfacta

180 4057 223 4105 lib.
237 4061 277 4118 tt,
291 4058 304 4106 t
324 4055 377 4120 [23,
390 4058 435 4122 38]
454 4057 651 4110 destillationibus
663 4070 686 4110 et
695 4064 858 4114 sternumentis
869 4081 882 4114 e
890 4065 986 4129 pituita.
1010 4067 1053 4118 sic
1070 4069 1138 4119 enim
1149 4072 1299 4126 Vossianus.

180 4143 202 4191 E
216 4140 317 4192 chiflct.
333 4150 456 4194 notarunt
470 4144 659 4194 sternutamentis
670 4162 683 4195 e
691 4146 787 4210 pituita.
808 4149 890 4200 Acad.
903 4158 999 4202 uastare
1020 4160 1177 4206 sternumento
1189 4157 1299 4222 pituitas.

180 4225 254 4276 Plato
265 4226 293 4274 iu
304 4225 411 4278 Timaeo
425 4225 462 4292 [p.
475 4235 517 4280 8⁶.
528 4229 559 4280 Β.
571 4230 633 4280 Vol.
645 4229 707 4281 VH.
724 4248 750 4297 p.
763 4239 820 4285 ³42.
834 4232 950 4299 Stallb.]=
973 4229 1084 4302 Φλέγμα
1095 4235 1147 4298 ὀξὺ
1159 4236 1204 4291 καὶ
1216 4237 1299 4304 diuo.
