2918 4794
483 289 588 332 noran
603 290 647 330 nn
661 289 744 329 uma.
760 287 856 328 xxm.
872 285 965 327 xx1v.
1245 263 1284 324 41

166 443 219 491 item
231 441 358 507 eupillun's.
379 439 465 491 Cortex
476 438 623 504 inplendinm
637 437 749 488 licbenum
762 437 818 486 uitio
830 444 852 486 et
863 433 1024 500 dysentericis.
1048 434 1090 484 Sic
1102 435 1222 485 Vossiani
1234 444 1286 499 opt.

167 539 192 577 et
202 528 313 590 Andeg.,
327 526 371 575 ubi
383 528 459 576 etiam
471 526 620 585 allevemus,
632 521 735 588 prodest.
753 523 851 572 Rursus
863 522 953 570 eodem
966 535 1020 583 cap.
1035 517 1088 581 [80‚
1104 517 1175 580 152]s
1191 519 1254 577 Quin
1266 527 1288 566 et

166 610 363 659 commanducata
379 618 450 673 atque
468 608 582 658 deamata
596 624 641 671 per
659 605 761 655 triduum
779 614 846 655 terna
862 605 966 655 liberant
983 603 1049 652 tussi.
1072 600 1168 651 Eadem
1179 602 1288 664 suspiriis

168 694 226 742 trita
241 711 291 743 cum
304 693 378 744 melle.
395 695 431 743 sic
443 695 592 743 Vossianus.
611 692 711 754 Vu1g0=
730 690 830 739 liberant
842 705 858 738 o
871 689 935 738 tussi.
954 686 1047 736 Eadem
1059 695 1160 751 prosunt
1171 685 1287 748 suspiriis.

167 777 248 828 Acad.
261 786 286 828 ot
297 780 340 828 alii
352 782 402 829 duo
415 779 491 828 Voss.
505 775 608 826 liberant
620 792 636 823 a
649 775 713 824 tussi.
732 773 814 823 eodem
827 790 844 822 a
855 772 973 838 suspiriis.

202 859 254 923 [77,
270 860 330 924 147]
356 862 456 925 Hocque
476 861 564 910 minore
580 868 693 908 momento
709 857 790 908 sedin
807 857 877 920 cibis]
906 858 987 908 Acad.
1004 865 1029 907 et
1046 857 1113 908 Gur.
1132 854 1175 904 boc
1192 855 1287 903 minore.

166 946 242 996 Voss.
259 946 302 994 boc
318 947 393 995 minor
404 953 427 994 et
439 953 548 1004 tamenim
567 948 617 996 duo
629 946 681 1006 alii,
700 943 743 992 boc
755 943 865 992 minorem
878 949 998 991 momento.
1022 943 1112 991 Forte:
1130 939 1184 989 Hoc
1200 937 1288 986 minore

168 1039 278 1078 tormento
290 1030 348 1078 etin
360 1029 417 1078 cibis
429 1028 616 1092 nucleifaciunt.

202 1112 255 1176 [78.
270 1112 329 1176 150]
352 1112 387 1162 Et
399 1112 539 1179 pinquedini
554 1114 658 1178 corporis
674 1111 806 1175 conserunt]
833 1115 875 1162 Ex
892 1112 992 1162 chiflet.
1009 1119 1099 1160 notant
1116 1105 1288 1172 pinpnitudine.

166 1200 278 1249 Pintiani
295 1201 388 1249 codex:
415 1199 520 1262 corporis
540 1207 562 1247 et
575 1195 738 1262 pinquitndini
754 1197 882 1259 corfferunt.
909 1197 986 1246 Voss.
1005 1195 1140 1256 Andagav.
1150 1191 1251 1256 saciant
1267 1199 1289 1239 et

166 1280 309 1344 irfiotionem
325 1282 440 1331 stomachi
454 1291 476 1332 et
483 1281 672 1348 pinquitudinem
683 1281 783 1345 corpori.
806 1282 955 1332 Probstior:
975 1279 1056 1331 Nuces
1067 1277 1191 1328 avellanae
1203 1276 1289 1339 capitis
1351 1315 1365 1331 ,

167 1363 373 1429 doloremfaciunt
383 1375 406 1416 et
417 1367 562 1430 inflationem
574 1365 696 1416 stomachi.
714 1365 810 1429 corpori
819 1373 842 1414 et
853 1364 877 1413 in
887 1362 1051 1429 pinquitudini
1062 1362 1190 1426 conferunt.
1209 1363 1287 1424 Lege,

167 1448 190 1495 in
200 1448 398 1513 pinquitudinem,
411 1452 459 1513 vel,
473 1449 679 1516 inpinpuitndine.

547 1650 613 1715 AD
636 1649 754 1715 LIBR.
777 1648 911 1716 XXIV.

201 1789 266 1840 Car.
279 1790 300 1838 Ι.
314 1788 350 1852 [1,
367 1788 395 1851 3]
413 1788 544 1838 Innumero
551 1798 680 1853 praeterea
692 1788 755 1851 olm]
774 1791 850 1840 Voss.
864 1790 986 1838 insusurra
998 1787 1049 1837 alio
1058 1795 1190 1850 praeterea.
1208 1787 1288 1848 Lege,

164 1883 296 1938 praetereo.

201 1959 266 2009 Car.
283 1959 329 2008 VI
349 1956 403 2020 [22,
417 1956 462 2020 85]
482 1957 517 2006 Et
532 1957 613 2007 codem
631 1956 712 2007 calida
728 1958 880 2006 membrorum
899 1954 1017 2005 doloribus
1033 1951 1199 2018 spasticisque]
1219 1953 1288 2014 Qua·

168 2049 224 2089 tuor
245 2043 344 2104 scripti:
376 2041 546 2092 Terebintbinc
568 2040 670 2091 illinitur
691 2041 771 2090 eudem
793 2040 874 2090 calida
894 2041 1048 2089 membrorum
1069 2037 1187 2086 doloribus
1206 2037 1288 2101 spatio

167 2140 239 2186 usque
257 2125 281 2173 in
298 2124 345 2173 sole
357 2125 463 2175 evellitur
474 2136 497 2176 et
509 2127 562 2176 totis
573 2127 718 2191 corporibus.
736 2128 812 2176 Voss.
826 2124 983 2175 terebinthina
995 2123 1102 2173 inlinitur
1113 2121 1195 2171 eudem
1207 2119 1288 2170 calida

167 2210 305 2257 mernorbum
323 2208 449 2260 doloribus.
476 2214 565 2271 Forte,
580 2211 719 2274 pernionum
736 2209 862 2259 doloribus.
880 2210 980 2259 Deinde
997 2211 1076 2258 idem:
1092 2206 1249 2270 spoliatisque
1264 2206 1288 2253 in

166 2291 214 2340 sole
230 2292 347 2342 avellitur.
369 2295 406 2344 Ut
421 2296 556 2346 Terentius
572 2297 599 2345 in
615 2295 743 2358 Adelphis
761 2292 801 2356 [4,
819 2301 842 2353 2,
859 2291 904 2355 46]
923 2291 1018 2341 lectulos
1035 2292 1059 2341 iu
1080 2289 1135 2340 sole.
1156 2291 1201 2340 lib.
1215 2297 1255 2351 20,
1273 2295 1287 2338 9

168 2374 222 2438 [40.
238 2375 297 2439 103]
316 2394 394 2427 eorum
411 2380 517 2428 rubentes
533 2379 634 2428 manime
647 2379 672 2427 in
684 2377 732 2427 sole
742 2377 806 2427 illiti.
826 2378 957 2441 Sequitur:
975 2384 997 2425 et
1010 2375 1063 2425 totis
1075 2375 1211 2438 corporibus
1222 2390 1287 2421 mon-

166 2478 251 2523 ponum
265 2463 365 2511 monime
377 2480 442 2512 curn.
461 2464 590 2528 Intellige,
603 2465 711 2513 illinitur
724 2471 748 2512 et
760 2462 878 2512 avellitur
888 2461 1010 2512 similiter.

202 2547 267 2596 Car.
284 2549 345 2598 VII.
360 2545 412 2608 [23,
430 2547 474 2610 37]
494 2548 631 2612 Spissarum
648 2547 774 2597 utilissima
790 2545 908 2596 medicina
920 2553 954 2595 est
965 2542 1078 2608 Bruttia]
1096 2545 1163 2595 Delo
1176 2544 1288 2602 verbum,

168 2634 237 2693 quod
249 2633 361 2694 quinque
373 2634 560 2684 membranacei
572 2635 698 2696 ignorant.

202 2715 265 2764 cir.
285 2717 360 2765 VIII.
385 2715 443 2780 [29‚
464 2718 509 2781 44]
536 2719 648 2770 Omnibus
669 2718 809 2781 serpentium
831 2725 854 2766 et
873 2716 1019 2780 scorpionum
1042 2715 1135 2764 venenis
1156 2711 1286 2774 medentur]

166 2799 268 2849 Desunt
287 2801 313 2849 in
327 2802 403 2851 Voss.
422 2811 451 2851 ut
468 2812 494 2852 et
509 2805 536 2852 in
553 2804 654 2854 chiflot.
671 2811 694 2850 et
710 2798 864 2866 scorpionum.
883 2803 935 2853 Sed
951 2803 1053 2865 insuper
1069 2814 1158 2850 omnes
1175 2799 1288 2863 quinque

166 2885 248 2932 nostri
261 2886 348 2933 iubent
359 2887 443 2934 induci
456 2884 583 2934 medentur.
601 2886 756 2949 Intelligitur
768 2888 836 2939 enim
848 2902 880 2936 ex
892 2887 1051 2949 praecedenti
1064 2886 1185 2946 membro,
1203 2883 1288 2934 adver·

166 2974 258 3015 santur.
280 2969 315 3016 sic
331 2983 386 3030 cap.
403 2970 518 3030 sequenti
537 2967 594 3030 [38‚
612 2968 668 3031 61]:
684 2969 850 3018 Adversontnr
867 2969 960 3017 venenis
976 2968 1123 3031 serpentium.
1141 2978 1165 3018 et
1183 2983 1237 3033 cap.
1257 2976 1287 3019 13

169 3051 221 3114 [73.
237 3049 309 3113 117]:
322 3049 488 3100 Adversantur
499 3052 638 3115 serpentium
651 3051 847 3102 sceleratissimis.

203 3135 255 3199 [32‚
270 3135 314 3198 47]
341 3136 460 3186 Verrucas
474 3135 623 3200 papulasque
640 3144 662 3184 et
679 3136 764 3183 attrita
776 3135 880 3199 corporis
893 3132 963 3195 tollit]
984 3135 1100 3195 Quatuor
1111 3137 1287 3185 membranae:

167 3231 189 3269 et
206 3222 289 3270 attritu
306 3219 425 3270 odoratus.
444 3222 519 3271 Voss.
538 3229 563 3271 et
576 3221 677 3272 chinel.
694 3237 723 3268 cx
739 3221 822 3269 attritu
839 3217 959 3268 odoratas.
977 3221 1060 3282 Lege:
1084 3219 1201 3269 Verrucos
1210 3235 1288 3282 popu·

168 3306 248 3370 iusque
260 3323 289 3354 cx
301 3306 385 3355 attritu
397 3314 463 3355 ortas
475 3305 542 3358 tollit.

202 3388 260 3451 [36,
283 3389 327 3452 54]
354 3387 429 3440 Cedro
445 3391 565 3441 assimilis.
593 3391 629 3441 Et
644 3392 694 3441 eius
710 3390 756 3440 duo
771 3389 871 3456 ponera]
895 3392 971 3442 Voss.
989 3398 1014 3441 et
1029 3389 1103 3441 Ohifl.
1122 3399 1147 3441 ot
1162 3389 1285 3440 Pinriani:

167 3472 235 3546 cedro
252 3474 316 3523 olias
331 3475 423 3524 similis.
440 3475 477 3525 Et
492 3476 560 3537 buius
577 3475 622 3525 dno
637 3493 691 3542 pen.
713 3477 790 3526 Plinii
805 3476 867 3535 fuit,
884 3474 953 3524 cedro
970 3473 1022 3523 alia
1036 3473 1128 3525 similis.
1145 3485 1181 3536 ut,
1203 3473 1288 3524 Omnia

167 3558 290 3608 Mercurio
305 3559 396 3611 similis.
420 3562 498 3611 Voss.
516 3577 626 3625 qnoque,
643 3561 722 3610 ultera
738 3563 835 3610 minuto.
860 3562 941 3611 Acad.
960 3568 985 3610 et
1002 3560 1069 3610 Gud.
1087 3559 1154 3608 cedri
1168 3558 1287 3609 disimilis.

166 3646 300 3710 Andagav.
312 3644 381 3694 cedro
393 3654 436 3694 ota
447 3645 539 3695 similis.
558 3647 661 3710 Mennp.
674 3645 768 3695 cedride
779 3645 871 3695 similis

201 3729 265 3780 Car.
281 3731 328 3781 lx.
346 3729 404 3793 [40,
426 3729 470 3793 65]
489 3729 575 3780 Floras
592 3732 676 3794 apibus
691 3729 837 3794 cratissima]
866 3731 925 3793 Opt.
938 3728 1019 3792 floris.
1043 3736 1069 3779 et
1085 3730 1184 3780 suavius
1201 3737 1286 3780 sonat:

171 3813 271 3866 Genista
281 3831 371 3878 quoque
382 3815 471 3865 vinculi
481 3831 546 3864 usum
555 3823 672 3878 praestat.
681 3815 755 3878 floris
767 3815 850 3878 apibus
861 3814 999 3879 metimini.

201 3899 265 3949 Cur.
278 3901 312 3948 X.
326 3899 378 3962 [48,
392 3898 436 3962 81]
455 3899 609 3965 Hypocistbis
624 3916 695 3963 quarn
713 3900 773 3948 inter
790 3898 890 3948 liederus
908 3898 1022 3962 dicimus]
1040 3900 1193 3950 Memoriam
1209 3899 1287 3949 Plinii

167 3984 271 4046 requirit
281 3983 470 4048 Dulecampius.
490 3985 541 4035 Sed
557 3984 622 4035 forte
638 3986 800 4034 librariorum
812 3984 888 4048 culpa
900 3994 946 4046 est,
963 4001 1014 4035 non
1030 3985 1116 4035 Plinii.
1133 3984 1170 4034 Ut
1188 3983 1287 4034 Salma-

167 4069 218 4118 sius
237 4069 376 4129 tentaveu't,
394 4071 479 4119 videre
496 4070 556 4119 licet
572 4072 605 4119 ad
618 4070 698 4120 Solin.
711 4085 735 4133 p.
749 4074 807 4120 367.
830 4070 980 4131 Vossianus,
998 4069 1059 4118 inter
1075 4069 1167 4119 barbas.
1186 4068 1286 4120 Scribas

166 4153 242 4213 igitur
254 4167 359 4202 censeo:
375 4170 435 4217 quos
447 4154 508 4203 inter
519 4154 605 4203 borbon
617 4152 727 4203 dicemus.
741 4163 766 4203 et
780 4157 905 4218 praestitit
916 4157 959 4205 lib.
973 4161 1013 4218 26,
1027 4160 1041 4203 6
1056 4153 1108 4217 [31,
1122 4152 1175 4216 49].
1194 4154 1230 4205 sic
1241 4155 1284 4204 lib.

167 4242 207 4298 29,
220 4241 234 4285 6
249 4234 303 4298 [38,
317 4236 392 4300 180]:
410 4237 487 4290 Stobis
498 4237 557 4303 quid
565 4239 605 4304 sit,
618 4238 719 4289 dicemus
731 4239 756 4289 in
769 4239 878 4292 metallis.
