2918 4794
142 214 160 277 8

141 395 300 462 spectatam
314 387 442 444 iudicant
457 405 567 454 omnes,
588 388 715 460 quando,
736 394 768 442 ut
783 387 909 461 primum
925 387 1050 445 facultas
1074 387 1140 458 tuit,
1157 407 1222 463 ¹uon
1237 396 1266 447 te

141 499 257 554 beatum
279 496 431 566 censuisti,
458 496 514 552 nisi
536 496 643 553 multos
665 507 693 552 et
716 497 966 553 emendatissimos
992 498 1142 555 hominnm
1164 518 1216 574 per
1237 507 1267 557 to

140 606 240 663 beatos
262 606 388 662 videres.
418 605 544 662 Nullum
566 606 642 661 enim
662 607 769 663 certius
791 606 859 662 boni
881 605 1059 682 symbolum,
1084 626 1172 681 qnam
1193 626 1268 684 gau·

140 715 208 772 dere
223 713 437 784 communicari,
453 721 482 771 at
497 732 528 770 se
543 714 697 771 fruendum
714 732 862 790 spargere.
887 716 975 772 etiam
989 719 1074 775 vestis
1089 718 1161 775 bona
1175 736 1266 793 quoc-

141 827 182 883 rit
196 825 302 882 haberi.
326 823 430 898 Neque
444 824 570 898 imputas
585 824 754 899 quidquam,
767 832 818 882 aut
833 834 928 882 astute
943 825 1066 900 cogitas,
1082 835 1134 884 aut
1148 827 1267 884 omnino

140 934 240 991 studes
255 933 318 1004 tibi,
334 934 384 990 sed
401 935 447 990 cui
461 935 513 1003 rei,
526 934 580 991 snb
595 952 703 1007 magno
716 934 767 990 illo
783 941 812 991 et
826 935 1048 1009 incomparabili
1061 953 1153 1009 gazae
1166 936 1267 1011 regiae

139 1044 259 1101 custode
280 1052 367 1116 atque
388 1044 514 1113 arbitro,
541 1045 626 1117 quasi
647 1044 791 1101 secundus
812 1051 915 1100 auctor
934 1043 1030 1116 fuisti,
1058 1063 1121 1101 earn
1142 1045 1268 1102 fideliter

140 1153 204 1226 agis
225 1152 338 1223 iussus,
366 1162 396 1209 et
415 1153 567 1227 dispensas
587 1152 792 1210 liberalitatem
815 1153 924 1210 domini
946 1152 1064 1211 scientis
1084 1172 1119 1211 ac
1137 1154 1266 1211 rationes

140 1261 319 1337 accipientis:
341 1263 387 1318 eni
405 1269 434 1319 et
455 1261 511 1318 soli
529 1261 629 1319 referri
652 1271 802 1337 acceptum
824 1261 982 1337 praecipis:
1004 1271 1091 1335 atquo
1104 1263 1135 1320 in
1150 1280 1268 1320 summa

139 1389 231 1428 unum
256 1371 389 1443 quaeris,
415 1379 449 1426 ut
477 1368 741 1429 Christianissimae
766 1370 946 1442 Maiestatis,
973 1371 1267 1429 convenientissimus

139 1486 222 1536 tanto
242 1478 360 1551 fastigio
382 1488 412 1536 et
426 1498 546 1554 compar
567 1480 702 1536 omnibus
724 1480 786 1537 eius
807 1480 929 1538 heroicis
949 1480 1181 1557 coelestibusque
1202 1482 1266 1538 vlr-

140 1589 264 1658 tutibus,
287 1588 448 1645 studiorum
465 1607 547 1645 amor
562 1596 591 1644 et
607 1586 723 1646 Galliae
737 1589 867 1647 florentis
888 1590 986 1664 imago
1006 1591 1116 1666 ingenti
1129 1590 1268 1665 exemplo

140 1717 193 1774 per
212 1696 338 1773 populos
360 1701 391 1754 st
409 1698 543 1756 nationes
563 1698 712 1773 effulgeat,
732 1675 789 1756 hoo
807 1706 862 1771 est,
884 1699 960 1773 Regi
979 1701 1072 1757 servia
1091 1708 1121 1757 et
1135 1700 1266 1757 Patriae.

140 1805 221 1864 Nam
235 1827 271 1865 ne
285 1806 341 1866 hoc
355 1807 471 1882 quidem
486 1808 645 1880 inficiabor,
665 1808 694 1866 id
714 1809 821 1885 ipsum,
842 1810 920 1884 quod
934 1808 1019 1880 facio,
1041 1808 1135 1883 ingeri
1149 1809 1203 1866 tibi
1217 1827 1267 1865 re-

142 1917 295 1993 pugnanti,
311 1924 340 1975 et
355 1936 456 1975 severe
470 1926 509 1988 te,
526 1937 562 1975 ne
576 1919 667 1989 lieret,
688 1919 883 1993 prohibuisse,
905 1927 992 1993 atquc
1007 1921 1062 1976 hoc
1078 1918 1174 1976 solum
1188 1934 1266 1988 esse,

142 2027 252 2100 inquo
275 2046 321 2084 me
341 2035 541 2084 contumacem
565 2034 594 2084 et
618 2028 856 2101 inobsequentem
882 2043 972 2102 queas
997 2027 1129 2103 experiri.
1163 2024 1268 2098 Quan-

143 2153 232 2208 quam
251 2137 282 2192 in
301 2143 362 2192 tam
381 2135 458 2192 lecta
478 2138 596 2194 cohorte
611 2143 740 2208 tuorum,
760 2143 851 2211 quota
865 2155 934 2211 pars
949 2154 1006 2210 ego
1020 2155 1096 2207 sum,
1117 2143 1151 2192 ut
1169 2153 1268 2193 meum

144 2261 271 2318 quoque,
291 2243 367 2302 forte
381 2245 537 2315 insulsum,
561 2245 689 2302 officium
704 2243 802 2303 feras?
822 2254 856 2303 nt
869 2254 898 2302 et
916 2246 983 2303 huic
997 2245 1107 2304 homini
1121 2244 1267 2319 suffraga-

142 2355 252 2412 tionem
273 2362 385 2412 tantam
405 2363 434 2412 te
453 2355 635 2430 praestitisse
657 2373 693 2411 ne
712 2354 828 2431 pigeat?
847 2363 953 2412 utnon
973 2353 1104 2411 desinere
1119 2372 1165 2410 me
1179 2370 1268 2411 cura-

143 2484 219 2536 rum,
241 2465 406 2539 quaemihi
425 2472 536 2521 tessera
555 2465 590 2520 ad
611 2464 767 2522 amicitiam
785 2475 867 2522 tuam
887 2464 978 2535 fuere,
1001 2480 1147 2540 suspensa
1164 2462 1270 2521 tabula

145 2572 342 2654 admoneare?
365 2571 451 2644 Quod
473 2574 498 2629 si
518 2574 588 2647 quid
607 2573 679 2630 haec
695 2573 819 2630 tenuitas
834 2572 958 2647 amplius
973 2574 1029 2630 hoc
1043 2572 1155 2631 efficere
1169 2579 1270 2646 posset

144 2684 208 2753 tibi,
228 2683 366 2739 voluntas
381 2682 461 2738 haud
476 2682 731 2756 tergiversaretur:
753 2682 804 2738 sed
824 2691 853 2738 et
871 2683 902 2737 in
916 2681 979 2753 illo,
999 2684 1135 2755 quamvis
1150 2700 1187 2738 ex
1201 2698 1268 2738 sen·

145 2790 237 2848 tentia
251 2790 386 2848 cessisset
399 2790 540 2864 inprimis,
561 2808 638 2880 quae
655 2791 742 2848 animi
763 2791 900 2848 nobilitas
920 2798 965 2847 cst
983 2791 1036 2862 tui,
1056 2809 1114 2850 non
1135 2791 1178 2846 ita
1198 2807 1269 2863 pre·

85 2914 134 2963 770
146 2901 218 2958 tium
233 2901 276 2957 rei
290 2907 330 2970 te,
350 2906 384 2956 ut
398 2900 535 2956 voluntas
551 2900 706 2974 offerentis,
727 2910 856 2959 teneret:
878 2901 967 2975 igitur
980 2901 1011 2958 in
1025 2900 1081 2958 hoc
1095 2915 1222 2974 qnoque,
1245 2897 1270 2954 si

146 3029 228 3082 eam,
255 3018 288 3067 ut
313 3017 371 3081 est,
398 3010 545 3085 egregiam
571 3020 599 3068 ct
623 3011 767 3087 prolixam
793 3011 1040 3085 interpretabere,
1069 3009 1140 3066 nihil
1166 3007 1269 3065 aberit.

147 3120 281 3195 Denique
301 3122 436 3191 auctoris,
456 3140 544 3195 quem
564 3122 641 3177 etin
662 3139 720 3193 qno
736 3121 882 3176 studiosos
896 3119 1029 3177 adiutum
1047 3119 1091 3175 ire
1112 3116 1270 3185 voluimus,

148 3248 184 3287 ea
201 3240 246 3288 est
264 3231 458 3306 praestantia,
483 3231 513 3286 id
534 3237 713 3286 momentum
732 3231 763 3286 in
785 3247 873 3287 censu
892 3234 1024 3286 veterum
1043 3228 1208 3298 literarum,
1238 3234 1272 3282 ut

148 3339 342 3412 quodcunque
362 3338 410 3395 vel
429 3339 582 3395 minimum
602 3339 628 3393 ei
651 3339 866 3408 commodatur,
887 3339 917 3395 id
937 3337 1064 3394 fructum
1085 3336 1165 3393 ferre
1186 3337 1270 3392 inve-

149 3447 238 3502 nienti
264 3452 293 3502 et
318 3464 375 3503 non
401 3448 645 3504 contemnendum
668 3464 733 3504 esse
758 3448 905 3504 videatur.
942 3446 1019 3504 Vale
1039 3447 1096 3502 Vir
1122 3463 1272 3518 nunquam

151 3554 222 3612 satis
242 3555 372 3626 laudate,
396 3565 424 3612 et
446 3557 495 3629 qni
514 3555 615 3633 Pylios
637 3573 736 3625 senes,
758 3565 792 3613 ut
811 3556 964 3613 sanctitate
985 3564 1014 3613 et
1035 3555 1208 3630 prudentia,
1230 3554 1274 3610 sic

152 3666 234 3722 annis
250 3683 356 3738 aeques
371 3664 547 3738 dignissime.

215 3783 353 3858 Lugduni
367 3785 398 3840 in
413 3781 533 3839 Batavis
547 3801 574 3839 a.
590 3785 617 3839 d.
634 3786 689 3842 IV.
705 3787 776 3842 Idus
792 3784 978 3860 Septembres

404 3882 442 3939 A.
460 3881 492 3938 C.
509 3881 788 3943 CIOIOCLXVIII.
