2918 4794
197 301 258 364 104
687 319 828 361 anouov1

231 471 284 534 [46,
300 468 359 532 160]
384 469 441 520 Scae
457 467 525 517 multi
532 467 651 530 fictilibus
667 468 738 518 doliis
755 468 824 518 condi
837 466 979 529 maluerunt]
1005 466 1079 517 Saliis
1092 485 1126 518 ex
1138 472 1214 520 veteri
1228 472 1315 522 codice

195 557 332 619 legendum
352 556 386 604 111
407 553 547 604 Salmasius
571 555 602 603 ad
623 553 703 604 Solin.
729 568 754 617 p.
775 558 856 614 1204,
878 562 999 615 tanquam
1011 554 1194 619 Dalecumpius
1218 572 1268 606 non
1289 558 1315 606 id

195 640 371 703 praecepisset.
393 639 427 688 Et
442 640 478 686 ita
494 653 555 688 sane
568 638 634 688 Gud.
646 640 727 687 Acad.
740 639 809 687 Men.
834 637 885 687 Sed
900 639 927 686 iu
938 638 1067 687 Vossiano
1085 647 1176 689 neutra
1191 655 1243 689 vox
1260 648 1314 690 tan-

195 730 299 786 tumque
315 737 364 770 sese
380 719 448 768 multi
455 720 572 784 fictilibus
587 720 658 769 condi
672 719 811 770 maluerunt.
834 722 870 770 Et
881 736 941 771 sane
952 736 1005 770 vox
1017 720 1087 769 doliis
1099 737 1132 772 ex
1144 725 1315 788 superioribus

196 805 254 868 [46,
273 804 332 867 159]
350 814 410 869 post
431 801 461 853 τὸ
477 803 595 866 fictilibus
610 807 717 869 repetita
733 807 838 855 videtur.
865 805 932 856 Nam
949 803 1020 855 condi
1030 804 1148 866 fictilibus
1165 815 1204 858 est
1220 811 1314 860 dictum
1365 801 1370 806 ’

195 900 223 940 ut
232 889 349 951 fictilibus
360 905 465 938 coenare.

230 973 319 1037 [Ibid]
344 974 423 1024 Varro
434 973 594 1039 Pythoporico
606 962 686 1036 modo]
704 976 781 1024 Voss,
793 978 861 1026 Men.
875 974 941 1026 Gud.
954 973 1113 1039 Pythuqodio.
1136 977 1205 1040 Lege
1221 976 1315 1041 Pytha-

193 1059 261 1123 9orio
276 1061 318 1108 vel
334 1057 492 1122 Pytlaporeo.
521 1058 562 1108 Sic
579 1060 647 1122 apud
664 1059 816 1109 Ciceronem
832 1061 926 1122 passim
943 1060 1105 1109 reddiderant
1121 1057 1271 1109 Aristotelico
1288 1070 1316 1109 et

195 1143 355 1204 Aristotelicu,
367 1144 411 1192 ubi
423 1157 490 1192 nunc
503 1158 516 1191 e
528 1143 675 1193 melioribus
688 1145 786 1206 seriptis
799 1151 837 1193 est
848 1141 989 1191 Aristoteles
1001 1152 1026 1192 et
1037 1142 1188 1192 Aristotelea.

230 1227 283 1290 [46,
298 1226 357 1288 162]
388 1224 460 1276 Cuius
473 1226 590 1292 suffroqii
605 1226 662 1276 latio
678 1226 741 1288 erut]
770 1227 837 1278 Gud.
854 1228 924 1277 Men.
941 1228 1022 1277 Acad.
1040 1227 1106 1276 cuius
1115 1227 1236 1291 flopron'o
1254 1238 1313 1279 erut.

194 1314 271 1363 Voss.
283 1311 445 1376 cuiusfruyii.
469 1314 550 1373 Lege:
568 1311 607 1359 cui
618 1311 733 1376 suffrayii
744 1310 802 1361 letio
814 1319 873 1360 erat.
896 1312 983 1361 Livius
994 1311 1037 1360 lib.
1052 1318 1066 1360 2
1081 1309 1149 1373 [33]:
1168 1320 1194 1359 ut
1203 1311 1268 1375 plebi
1277 1314 1315 1363 sui

132 1400 180 1445 839
194 1396 348 1460 mayt'siratus
360 1403 435 1444 essent
445 1396 599 1456 sacrosancti,
616 1395 700 1458 quibus
715 1394 803 1444 auxilii
819 1395 877 1444 latio
889 1394 1004 1444 adversus
1017 1394 1121 1444 consules
1133 1403 1199 1445 11111.
1219 1397 1315 1456 Quum·

195 1495 272 1543 quam
285 1481 425 1533 similitudo
438 1481 569 1530 literarum
581 1481 665 1543 potuit
676 1481 791 1529 hausisse
809 1480 941 1544 syllabam,
953 1494 1036 1542 neque
1048 1480 1163 1542 improbo
1175 1479 1315 1543 vulgatum.

229 1561 282 1625 [46,
297 1561 356 1624 166]
382 1561 526 1612 Virilitutem
543 1571 674 1625 amputant,
691 1579 732 1611 nec
748 1562 818 1611 aliter
830 1563 892 1611 citra
900 1562 1035 1626 perniciem,
1052 1562 1076 1611 si
1086 1563 1124 1612 M.
1140 1560 1220 1612 Caelio
1232 1561 1315 1611 eredo-

195 1645 257 1709 mus]
275 1649 352 1698 Voss.
365 1656 390 1697 et
402 1648 515 1717 Pintiani
532 1646 668 1695 uirilitatem
680 1656 811 1710 amputare,
828 1663 869 1696 nec
881 1646 951 1696 aliter
962 1648 1023 1696 citra
1032 1648 1169 1710 perniciem,
1182 1647 1220 1697 M.
1236 1643 1316 1696 Coelio

195 1731 324 1781 credamus.
360 1731 441 1792 Quasi
463 1733 568 1783 adderet
591 1732 631 1780 vel
657 1732 814 1782 intellectum
835 1733 924 1781 velletr
952 1732 1005 1794 quis
1031 1732 1091 1780 enim
1116 1731 1172 1781 uelit
1197 1730 1318 1795 experiri?

195 1818 275 1868 Acad.
289 1832 390 1880 quoque
402 1824 427 1865 et
439 1815 506 1866 Gud.
519 1824 544 1866 et
555 1818 625 1866 Men.
638 1824 724 1866 carent
736 1814 775 1880 τῷ
785 1817 813 1878 si,
826 1818 870 1865 sed
882 1817 978 1866 habent
989 1824 1120 1879 amputant.
1138 1817 1316 1880 Prodigiosam

195 1903 237 1951 hic
254 1901 450 1964 explicationem
469 1908 528 1950 suut
548 1903 697 1962 commenti,
718 1903 754 1950 M.
773 1901 896 1962 Caelium,
918 1916 996 1964 quum
1018 1916 1097 1950 novas
1118 1902 1216 1951 tabulas
1232 1900 1315 1959 ferret,

195 1985 339 2034 traduxisse
355 1985 478 2034 nobilium
496 1993 521 2034 et
537 1985 694 2048 locupletum
712 1985 802 2034 luxum
820 1994 873 2035 tum
891 1985 965 2034 claris
984 1995 1009 2034 et
1025 1986 1164 2034 manifestis
1181 1985 1315 2048 exemplis,

195 2056 269 2118 uteo
285 2068 335 2117 iam
352 2069 440 2122 seculo
456 2068 582 2119 videretur
598 2070 649 2119 suis
668 2070 887 2119 criminationibus
904 2070 1068 2132 proscindere
1085 2068 1317 2118 luxuriosissimum

195 2153 336 2214 Vitellium,
354 2154 397 2216 qui
414 2161 501 2216 postea
516 2154 660 2216 imperavit:
678 2161 812 2217 propterea
828 2154 928 2207 nobiles
941 2154 1030 2204 Caelio
1042 2155 1111 2202 circa
1123 2152 1234 2202 Thurios
1247 2153 1316 2200 victo

196 2233 259 2299 (qua
275 2244 444 2300 metragyrtac
460 2235 618 2298 virilitatem)
637 2236 723 2287 Samia
742 2245 807 2287 testa
826 2239 941 2299 baguam
961 2237 1124 2301 praecidisse,
1147 2236 1237 2285 deinde
1258 2251 1316 2284 enm

195 2321 360 2381 interemisse,
379 2323 447 2383 quod
460 2323 605 2384 exemplum
618 2329 710 2385 postea
720 2322 863 2374 Antonium
875 2323 902 2370 in
914 2322 1055 2384 proscripto
1069 2320 1190 2370 Cicerone
1201 2327 1316 2369 secutum

195 2419 258 2454 esse.
282 2395 424 2469 Ἡράκλεις
439 2400 615 2469 ἀποτρόπαιε,
634 2415 757 2469 quantum
774 2415 812 2455 est
828 2407 924 2455 erudite
941 2406 1061 2469 ineptire!
1085 2405 1186 2455 (laelius
1203 2405 1229 2454 iu
1242 2405 1317 2454 alter-

196 2490 295 2542 catione
311 2490 381 2552 gravi
397 2490 490 2552 probro
508 2490 599 2538 obiecit
611 2490 710 2540 homini
723 2490 841 2552 temporis
855 2491 967 2539 eiusdem
979 2488 1094 2548 Vitellio,
1108 2489 1250 2538 adversario
1263 2504 1316 2548 suo,

196 2574 300 2636 dignum
314 2588 376 2634 esse,
386 2575 427 2621 cui
440 2575 528 2635 lingua
540 2576 573 2624 ob
585 2574 789 2624 maledicentiam
800 2574 885 2624 Samia
897 2581 964 2623 testa
975 2574 1167 2636 praecideretur,
1178 2573 1317 2632 immemor,

197 2657 258 2720 quid
274 2659 328 2721 ipse
345 2666 399 2707 tum
420 2659 540 2721 temporis
557 2658 660 2707 faceret.
687 2659 778 2720 Itaque
795 2657 944 2719 legendum:
969 2664 1081 2718 tauquam
1099 2665 1122 2705 et
1137 2656 1186 2720 ipse
1203 2673 1247 2705 nun
1266 2665 1319 2706 tunc

197 2738 270 2787 eidem
289 2738 383 2789 Vitellio
404 2739 560 2788 malediceret.
588 2741 639 2789 Sed
657 2740 759 2790 Caelius
780 2742 834 2791 sine
856 2742 932 2790 dubio
954 2741 1050 2802 aliquid
1071 2743 1170 2801 gravius
1189 2750 1214 2790 et
1232 2743 1320 2803 lingua

196 2824 343 2886 morigerari
356 2825 458 2873 solitum
470 2825 605 2873 Vitellium
617 2825 786 2886 significabat.

231 2907 296 2957 Cae.
312 2893 388 2956 XIII.
408 2905 461 2970 [47‚
477 2907 536 2971 166]
562 2908 648 2958 Verum
664 2915 687 2956 et
703 2909 778 2972 ipsius
791 2916 869 2957 terrae
880 2916 935 2956 sunt
946 2907 998 2957 ulio
1009 2910 1140 2973 sepmentu]
1159 2912 1236 2961 Voss.
1248 2911 1318 2960 Meu.

198 2991 264 3043 (iud.
277 2992 357 3042 Acad.
370 2994 493 3043 Pintiani:
511 2991 564 3041 alio
580 3001 716 3043 commenta.
738 2995 824 3054 Forte,
843 3001 965 3042 momenta.
989 2993 1051 3057 Cap.
1070 2996 1185 3057 sequenti
1203 3002 1319 3061 extremo

198 3076 305 3142 [potiusz
319 3085 359 3139 15,
373 3084 412 3138 52,
427 3076 500 3140 190]:
518 3077 584 3128 Num
601 3076 635 3125 ad
650 3077 752 3141 reliquos
768 3094 823 3126 usus
840 3078 902 3126 vitae
918 3077 941 3126 in
960 3078 1029 3126 coriis
1047 3076 1154 3141 lanisque
1167 3075 1320 3141 perficiendis

197 3162 282 3226 quanti
292 3162 324 3211 sit
335 3161 449 3223 momenti,
462 3161 620 3225 eipm'ficutum
633 3170 675 3211 est.
790 3226 792 3230 V

233 3246 286 3310 [47‚
300 3244 360 3308 167]
387 3246 427 3296 Ab
447 3246 524 3310 Oropo
542 3245 634 3309 puidam
651 3245 762 3295 Aulidem
779 3244 862 3309 usque]
890 3247 965 3296 Voss.
984 3254 1009 3296 et
1025 3247 1108 3296 Acad.
1127 3243 1230 3306 Aulida,
1249 3254 1278 3294 ut
1296 3253 1321 3295 et

198 3333 318 3384 Pintiani.

233 3418 298 3468 CAP.
310 3416 384 3468 XIV.
403 3414 456 3477 [49,
469 3413 530 3476 170]
558 3415 687 3478 Aedificiis
707 3433 753 3464 nou
769 3417 817 3465 nisi
833 3415 904 3464 bimos
918 3414 1034 3479 probunt]
1063 3415 1110 3467 sie.
1123 3417 1251 3480 praeclare
1268 3414 1320 3478 sig.

199 3501 327 3554 Gelenius.
345 3501 471 3550 Salmasio
488 3502 522 3548 ad
538 3501 617 3551 Solin.
634 3517 659 3565 p.
676 3505 748 3552 1232.
766 3516 818 3550 uon
835 3516 897 3549 sana
916 3500 1013 3550 videtur
1028 3501 1132 3561 locutio,
1152 3498 1224 3548 bimos
1236 3497 1322 3547 luteres
1406 3538 1415 3550 ,

199 3587 249 3635 dici
266 3586 309 3648 qui
326 3593 384 3634 ante
400 3585 531 3634 biennium
548 3586 698 3635 ductisunt:
717 3594 847 3648 praeterea
859 3585 974 3634 damnari
987 3599 1042 3633 eam
1055 3585 1191 3633 lectionem
1209 3599 1225 3631 a
1242 3584 1322 3632 veteri

199 3671 294 3730 codice,
307 3671 397 3733 inquo
411 3670 453 3719 sit:
467 3685 524 3732 quos
536 3667 654 3731 uedijiciss
666 3685 710 3717 non
723 3667 818 3718 idoneos
826 3669 943 3732 probant:
959 3672 1027 3731 quod
1040 3670 1116 3718 etium
1129 3683 1181 3718 non
1194 3667 1321 3716 sincerum

199 3764 224 3804 et
240 3756 285 3804 vix
300 3755 428 3815 Latinum,
445 3755 554 3815 denique
572 3755 706 3814 coniectat,
724 3769 782 3816 quos
802 3770 818 3801 a
836 3752 926 3801 biennio
943 3753 1052 3815 probant.
1080 3752 1206 3802 Nimirum
1226 3763 1322 3799 nomen

199 3841 291 3889 veteris
308 3839 402 3889 codicis
418 3839 500 3886 virum
513 3839 619 3901 decepit,
636 3853 714 3900 quum
732 3838 767 3886 sic
785 3839 925 3887 exhibeant
943 3845 968 3886 11
981 3836 1047 3887 Gud.
1060 3839 1128 3886 Men.
1140 3837 1322 3894 Academicus-

200 3937 257 3985 quc,
274 3925 326 3972 hoe
338 3930 383 3983 est,
400 3923 505 3986 peiores.
529 3924 566 3970 At
577 3923 731 3972 Vossianus:
749 3921 902 3984 rimosifiunt
913 3919 1030 3982 uedficiis
1042 3936 1086 3968 non
1098 3919 1121 3968 si
1132 3920 1204 3968 bimos
1213 3920 1322 3983 probunt.

201 4006 243 4056 Sic
255 4022 366 4069 prorsus,
381 4008 408 4056 in
426 4023 476 4071 quo
492 4008 582 4056 vitium
598 4007 650 4056 hoc
662 4023 749 4067 unum,
771 4007 838 4069 quod
851 4023 896 4054 non
907 4006 930 4055 si
940 4023 986 4070 pro
998 4021 1044 4073 non
1056 4004 1105 4053 nisi
1115 4005 1237 4056 festinans
1248 4003 1323 4053 libra·

200 4090 251 4139 rius
268 4092 381 4140 subiecit.
404 4094 439 4141 Et
455 4093 505 4140 hoc
522 4106 574 4141 non
585 4092 662 4141 modo
674 4107 763 4141 sanum
777 4077 803 4140 et
813 4091 942 4152 Latinum,
956 4093 999 4141 sed
1012 4091 1088 4139 etiam
1100 4092 1184 4141 Plinio
1196 4089 1322 4152 frequens.

200 4174 243 4222 lib.
258 4180 297 4234 13,
313 4181 343 4223 12
362 4174 457 4239 [potius
472 4183 511 4237 13,
524 4181 547 4237 8,
561 4182 585 4237 4,
598 4173 642 4239 36]
660 4177 691 4225 de
707 4176 799 4240 palmis
816 4176 957 4226 arboribus:
976 4174 1046 4239 Erpa
1058 4173 1186 4238 plantaria
1201 4173 1325 4222 instituunt

117 4254 129 4284 ⁴·
202 4256 371 4320 anniculasque
384 4262 563 4336 transferuutet
575 4258 692 4309 interdum
706 4260 787 4310 bimus.
805 4261 850 4314 lib.
865 4267 904 4322 18,
918 4266 951 4310 st
964 4258 1017 4323 [54,
1030 4257 1102 4322 195]1
1115 4258 1200 4310 Samen
1211 4253 1323 4323 optimum
