<?xml version="1.0" encoding="UTF-8"?>
<!DOCTYPE html PUBLIC "-//W3C//DTD XHTML 1.0 Transitional//EN"
    "http://www.w3.org/TR/xhtml1/DTD/xhtml1-transitional.dtd">
<html xmlns="http://www.w3.org/1999/xhtml" xml:lang="en" lang="en">
 <head>
  <title>
</title>
<meta http-equiv="Content-Type" content="text/html;charset=utf-8" />
  <meta name='ocr-system' content='tesseract 3.04.00' />
  <meta name='ocr-capabilities' content='ocr_page ocr_carea ocr_par ocr_line ocrx_word'/>
</head>
<body>
  <div class='ocr_page' id='page_1' title='image "./cplinisecundina14plingoog_0404.png"; bbox 0 0 2918 4794; ppageno 0'>
   <div class='ocr_carea' id='block_1_1' title="bbox 536 277 1286 345">
    <p class='ocr_par' dir='ltr' id='par_1_1' title="bbox 536 277 1286 345">
     <span class='ocr_line' id='line_1_1' title="bbox 536 277 1286 345; baseline -0.007 0"><span class='ocrx_word' id='word_1_1' title='bbox 536 302 642 345; x_wconf 79' lang='lat' dir='ltr'><strong><em>noran</em></strong></span> <span class='ocrx_word' id='word_1_2' title='bbox 658 301 702 343; x_wconf 78' lang='lat' dir='ltr'><strong><em>un</em></strong></span> <span class='ocrx_word' id='word_1_3' title='bbox 717 302 798 342; x_wconf 75' lang='lat' dir='ltr'><strong><em>nutu.</em></strong></span> <span class='ocrx_word' id='word_1_4' title='bbox 816 301 919 341; x_wconf 86' lang='lat' dir='ltr'><strong>xxxv.</strong></span> <span class='ocrx_word' id='word_1_5' title='bbox 1246 277 1286 341; x_wconf 83' lang='lat'><strong><em>95</em></strong></span> 
     </span>
    </p>
   </div>
   <div class='ocr_carea' id='block_1_2' title="bbox 64 447 1400 4316">
    <p class='ocr_par' dir='ltr' id='par_1_2' title="bbox 164 447 1393 1023">
     <span class='ocr_line' id='line_1_2' title="bbox 199 447 1287 520; baseline -0.007 -14"><span class='ocrx_word' id='word_1_6' title='bbox 199 453 291 520; x_wconf 78' lang='lat' dir='ltr'><strong><em>[thia]</em></strong></span> <span class='ocrx_word' id='word_1_7' title='bbox 314 454 383 504; x_wconf 80' lang='lat' dir='ltr'><strong><em>Fecit</em></strong></span> <span class='ocrx_word' id='word_1_8' title='bbox 399 452 441 502; x_wconf 79' lang='lat' dir='ltr'><strong><em>loc</em></strong></span> <span class='ocrx_word' id='word_1_9' title='bbox 457 451 549 516; x_wconf 81' lang='lat' dir='ltr'><strong><em>quidem</em></strong></span> <span class='ocrx_word' id='word_1_10' title='bbox 565 452 598 503; x_wconf 87' lang='lat' dir='ltr'><strong><em>L.</em></strong></span> <span class='ocrx_word' id='word_1_11' title='bbox 615 450 708 516; x_wconf 79' lang='lat' dir='ltr'><strong><em>Scipio]</em></strong></span> <span class='ocrx_word' id='word_1_12' title='bbox 732 453 808 502; x_wconf 89' lang='lat' dir='ltr'><strong><em>Voss.</em></strong></span> <span class='ocrx_word' id='word_1_13' title='bbox 825 450 893 501; x_wconf 80' lang='lat' dir='ltr'><strong><em>Fecit</em></strong></span> <span class='ocrx_word' id='word_1_14' title='bbox 909 450 951 498; x_wconf 80' lang='lat' dir='ltr'><strong><em>loo</em></strong></span> <span class='ocrx_word' id='word_1_15' title='bbox 967 448 1029 498; x_wconf 66' lang='lat' dir='ltr'><strong><em>mem</em></strong></span> <span class='ocrx_word' id='word_1_16' title='bbox 1046 457 1069 497; x_wconf 91' lang='lat' dir='ltr'><strong><em>et</em></strong></span> <span class='ocrx_word' id='word_1_17' title='bbox 1087 447 1196 514; x_wconf 79' lang='lat' dir='ltr'><strong><em>Lpdpio.</em></strong></span> <span class='ocrx_word' id='word_1_18' title='bbox 1220 449 1287 500; x_wconf 84' lang='lat' dir='ltr'><strong><em>Gud.</em></strong></span> 
     </span>
     <span class='ocr_line' id='line_1_3' title="bbox 164 531 1289 600; baseline -0.008 -9"><span class='ocrx_word' id='word_1_19' title='bbox 164 542 234 592; x_wconf 81' lang='lat' dir='ltr'><strong><em>Men.</em></strong></span> <span class='ocrx_word' id='word_1_20' title='bbox 250 538 333 588; x_wconf 85' lang='lat' dir='ltr'><strong><em>Acad.</em></strong></span> <span class='ocrx_word' id='word_1_21' title='bbox 351 537 420 587; x_wconf 81' lang='lat' dir='ltr'><strong><em>Fecit</em></strong></span> <span class='ocrx_word' id='word_1_22' title='bbox 436 535 479 586; x_wconf 78' lang='lat' dir='ltr'><strong><em>boe</em></strong></span> <span class='ocrx_word' id='word_1_23' title='bbox 494 535 587 599; x_wconf 83' lang='lat' dir='ltr'><strong><em>quidem</em></strong></span> <span class='ocrx_word' id='word_1_24' title='bbox 603 545 626 584; x_wconf 89' lang='lat' dir='ltr'><strong><em>et</em></strong></span> <span class='ocrx_word' id='word_1_25' title='bbox 640 536 672 586; x_wconf 88' lang='lat' dir='ltr'><strong><em>L.</em></strong></span> <span class='ocrx_word' id='word_1_26' title='bbox 685 535 776 600; x_wconf 80' lang='lat' dir='ltr'><strong><em>Scipio.</em></strong></span> <span class='ocrx_word' id='word_1_27' title='bbox 799 537 865 586; x_wconf 85' lang='lat' dir='ltr'><strong><em>Mox</em></strong></span> <span class='ocrx_word' id='word_1_28' title='bbox 880 535 957 586; x_wconf 83' lang='lat' dir='ltr'><strong><em>Voss.</em></strong></span> <span class='ocrx_word' id='word_1_29' title='bbox 976 532 1074 583; x_wconf 77' lang='lat' dir='ltr'><strong><em>tradam</em></strong></span> <span class='ocrx_word' id='word_1_30' title='bbox 1090 531 1157 581; x_wconf 78' lang='lat' dir='ltr'><strong><em>haud</em></strong></span> <span class='ocrx_word' id='word_1_31' title='bbox 1173 531 1289 582; x_wconf 85' lang='lat' dir='ltr'><strong><em>immerito</em></strong></span> 
     </span>
     <span class='ocr_line' id='line_1_4' title="bbox 164 617 1291 688; baseline -0.004 -15"><span class='ocrx_word' id='word_1_32' title='bbox 164 621 261 688; x_wconf 61' lang='lat' dir='ltr'><strong><em>wando</em></strong></span> <span class='ocrx_word' id='word_1_33' title='bbox 270 621 342 686; x_wconf 81' lang='lat' dir='ltr'><strong><em>filius</em></strong></span> <span class='ocrx_word' id='word_1_34' title='bbox 359 621 408 670; x_wconf 90' lang='lat' dir='ltr'><strong><em>eius</em></strong></span> <span class='ocrx_word' id='word_1_35' title='bbox 423 619 474 683; x_wconf 87' lang='lat' dir='ltr'><strong><em>illo,</em></strong></span> <span class='ocrx_word' id='word_1_36' title='bbox 499 623 553 671; x_wconf 90' lang='lat' dir='ltr'><strong><em>sine</em></strong></span> <span class='ocrx_word' id='word_1_37' title='bbox 570 618 608 686; x_wconf 83' lang='grc' dir='ltr'><strong><em>τῷ</em></strong></span> <span class='ocrx_word' id='word_1_38' title='bbox 624 621 711 669; x_wconf 88' lang='lat' dir='ltr'><strong><em>iratum</em></strong></span> <span class='ocrx_word' id='word_1_39' title='bbox 729 629 755 671; x_wconf 90' lang='lat' dir='ltr'><strong><em>et</em></strong></span> <span class='ocrx_word' id='word_1_40' title='bbox 775 620 799 669; x_wconf 90' lang='lat' dir='ltr'><strong><em>in</em></strong></span> <span class='ocrx_word' id='word_1_41' title='bbox 820 619 1014 684; x_wconf 77' lang='lat' dir='ltr'>praepositione,</span> <span class='ocrx_word' id='word_1_42' title='bbox 1035 632 1100 682; x_wconf 87' lang='lat' dir='ltr'><strong><em>quae</em></strong></span> <span class='ocrx_word' id='word_1_43' title='bbox 1120 618 1196 667; x_wconf 87' lang='lat' dir='ltr'><strong><em>etiam</em></strong></span> <span class='ocrx_word' id='word_1_44' title='bbox 1216 617 1291 668; x_wconf 84' lang='lat' dir='ltr'><strong><em>abest</em></strong></span> 
     </span>
     <span class='ocr_line' id='line_1_5' title="bbox 165 698 1290 768; baseline -0.01 -9"><span class='ocrx_word' id='word_1_45' title='bbox 165 707 333 768; x_wconf 81' lang='lat' dir='ltr'><strong><em>Academico,</em></strong></span> <span class='ocrx_word' id='word_1_46' title='bbox 350 707 420 755; x_wconf 91' lang='lat' dir='ltr'><strong><em>Men.</em></strong></span> <span class='ocrx_word' id='word_1_47' title='bbox 437 703 513 765; x_wconf 84' lang='lat' dir='ltr'><strong><em>Gud,</em></strong></span> <span class='ocrx_word' id='word_1_48' title='bbox 531 713 559 754; x_wconf 91' lang='lat' dir='ltr'><strong><em>ut</em></strong></span> <span class='ocrx_word' id='word_1_49' title='bbox 574 706 601 754; x_wconf 92' lang='lat' dir='ltr'><strong><em>in</em></strong></span> <span class='ocrx_word' id='word_1_50' title='bbox 617 706 708 755; x_wconf 85' lang='lat' dir='ltr'><strong><em>iisdem</em></strong></span> <span class='ocrx_word' id='word_1_51' title='bbox 720 704 823 766; x_wconf 84' lang='lat' dir='ltr'><strong><em>quando,</em></strong></span> <span class='ocrx_word' id='word_1_52' title='bbox 841 719 894 753; x_wconf 90' lang='lat' dir='ltr'><strong><em>non</em></strong></span> <span class='ocrx_word' id='word_1_53' title='bbox 906 699 1027 766; x_wconf 82' lang='lat' dir='ltr'><strong><em>quoniam&#39;</em></strong></span> <span class='ocrx_word' id='word_1_54' title='bbox 1048 703 1146 755; x_wconf 81' lang='lat' dir='ltr'><strong><em>Scribe:</em></strong></span> <span class='ocrx_word' id='word_1_55' title='bbox 1169 701 1237 750; x_wconf 82' lang='lat' dir='ltr'><strong><em>Ferit</em></strong></span> <span class='ocrx_word' id='word_1_56' title='bbox 1247 698 1290 749; x_wconf 73' lang='lat' dir='ltr'><strong><em>lior</em></strong></span> 
     </span>
     <span class='ocr_line' id='line_1_6' title="bbox 165 782 1290 854; baseline -0.007 -14"><span class='ocrx_word' id='word_1_57' title='bbox 165 788 228 840; x_wconf 85' lang='lat' dir='ltr'><strong><em>idem</em></strong></span> <span class='ocrx_word' id='word_1_58' title='bbox 240 797 263 840; x_wconf 87' lang='lat' dir='ltr'><strong><em>et</em></strong></span> <span class='ocrx_word' id='word_1_59' title='bbox 272 789 305 840; x_wconf 89' lang='lat' dir='ltr'><strong><em>L.</em></strong></span> <span class='ocrx_word' id='word_1_60' title='bbox 319 788 408 854; x_wconf 81' lang='lat' dir='ltr'><strong><em>Scipio,</em></strong></span> <span class='ocrx_word' id='word_1_61' title='bbox 427 787 578 851; x_wconf 82' lang='lat' dir='ltr'><strong><em>tabulamque</em></strong></span> <span class='ocrx_word' id='word_1_62' title='bbox 595 788 708 837; x_wconf 83' lang='lat' dir='ltr'><strong><em>uictoriae</em></strong></span> <span class='ocrx_word' id='word_1_63' title='bbox 723 805 781 838; x_wconf 84' lang='lat' dir='ltr'><strong><em>saue</em></strong></span> <span class='ocrx_word' id='word_1_64' title='bbox 798 787 923 837; x_wconf 74' lang='lat' dir='ltr'><em>Asiaticae</em></span> <span class='ocrx_word' id='word_1_65' title='bbox 939 787 963 836; x_wconf 90' lang='lat' dir='ltr'><strong><em>in</em></strong></span> <span class='ocrx_word' id='word_1_66' title='bbox 978 785 1096 851; x_wconf 85' lang='lat' dir='ltr'><strong><em>Capitolio</em></strong></span> <span class='ocrx_word' id='word_1_67' title='bbox 1109 788 1201 850; x_wconf 87' lang='lat' dir='ltr'><strong><em>posuit:</em></strong></span> <span class='ocrx_word' id='word_1_68' title='bbox 1219 782 1290 847; x_wconf 82' lang='lat' dir='ltr'><strong><em>idque</em></strong></span> 
     </span>
     <span class='ocr_line' id='line_1_7' title="bbox 166 866 1393 940; baseline -0.007 -16"><span class='ocrx_word' id='word_1_69' title='bbox 166 890 238 940; x_wconf 76' lang='lat' dir='ltr'><strong><em>aspre</em></strong></span> <span class='ocrx_word' id='word_1_70' title='bbox 254 873 334 925; x_wconf 81' lang='lat' dir='ltr'><strong><em>tulisse</em></strong></span> <span class='ocrx_word' id='word_1_71' title='bbox 343 876 452 938; x_wconf 86' lang='lat' dir='ltr'><strong><em>fratrem</em></strong></span> <span class='ocrx_word' id='word_1_72' title='bbox 469 871 613 935; x_wconf 82' lang='lat' dir='ltr'><strong><em>Africanum</em></strong></span> <span class='ocrx_word' id='word_1_73' title='bbox 633 871 742 934; x_wconf 72' lang='lat' dir='ltr'><strong><em>uadunt,</em></strong></span> <span class='ocrx_word' id='word_1_74' title='bbox 764 871 831 922; x_wconf 78' lang='lat' dir='ltr'><strong><em>laud</em></strong></span> <span class='ocrx_word' id='word_1_75' title='bbox 847 871 971 933; x_wconf 85' lang='lat' dir='ltr'><strong><em>immerito,</em></strong></span> <span class='ocrx_word' id='word_1_76' title='bbox 988 869 1084 933; x_wconf 83' lang='lat' dir='ltr'><strong><em>quando</em></strong></span> <span class='ocrx_word' id='word_1_77' title='bbox 1092 866 1164 933; x_wconf 78' lang='lat' dir='ltr'><strong><em>filius</em></strong></span> <span class='ocrx_word' id='word_1_78' title='bbox 1181 868 1231 918; x_wconf 85' lang='lat' dir='ltr'><strong><em>eius</em></strong></span> <span class='ocrx_word' id='word_1_79' title='bbox 1247 866 1290 917; x_wconf 78' lang='lat' dir='ltr'><strong><em>itta</em></strong></span> <span class='ocrx_word' id='word_1_80' title='bbox 1390 880 1393 885; x_wconf 85' lang='lat'><em>·</em></span> 
     </span>
     <span class='ocr_line' id='line_1_8' title="bbox 165 957 797 1023; baseline -0.002 -16"><span class='ocrx_word' id='word_1_81' title='bbox 165 957 261 1023; x_wconf 86' lang='lat' dir='ltr'><strong><em>proelio</em></strong></span> <span class='ocrx_word' id='word_1_82' title='bbox 272 958 456 1023; x_wconf 85' lang='lat' dir='ltr'><strong><em>captusfuerat.</em></strong></span> <span class='ocrx_word' id='word_1_83' title='bbox 474 958 566 1007; x_wconf 85' lang='lat' dir='ltr'><strong>Voluit</strong></span> <span class='ocrx_word' id='word_1_84' title='bbox 576 959 644 1007; x_wconf 88' lang='lat' dir='ltr'><strong><em>idem</em></strong></span> <span class='ocrx_word' id='word_1_85' title='bbox 656 958 797 1008; x_wconf 82' lang='lat' dir='ltr'><strong><em>Pintiauus.</em></strong></span> 
     </span>
    </p>

    <p class='ocr_par' dir='ltr' id='par_1_3' title="bbox 165 1037 1357 2205">
     <span class='ocr_line' id='line_1_9' title="bbox 203 1037 1290 1107; baseline -0.006 -15"><span class='ocrx_word' id='word_1_86' title='bbox 203 1042 240 1107; x_wconf 82' lang='lat'><strong><em>[8,</em></strong></span> <span class='ocrx_word' id='word_1_87' title='bbox 253 1040 298 1105; x_wconf 76' lang='lat'><strong><em>24]</em></strong></span> <span class='ocrx_word' id='word_1_88' title='bbox 325 1040 382 1092; x_wconf 80' lang='lat' dir='ltr'><strong><em>Rea</em></strong></span> <span class='ocrx_word' id='word_1_89' title='bbox 401 1039 500 1090; x_wconf 83' lang='lat' dir='ltr'><strong><em>Attalus</em></strong></span> <span class='ocrx_word' id='word_1_90' title='bbox 519 1039 558 1090; x_wconf 90' lang='lat' dir='ltr'><strong><em>VI</em></strong></span> <span class='ocrx_word' id='word_1_91' title='bbox 574 1039 650 1090; x_wconf 84' lang='lat' dir='ltr'><strong><em>millia</em></strong></span> <span class='ocrx_word' id='word_1_92' title='bbox 666 1041 796 1091; x_wconf 79' lang='lat' dir='ltr'><strong><em>sestertidm</em></strong></span> <span class='ocrx_word' id='word_1_93' title='bbox 814 1041 905 1089; x_wconf 72' lang='lat' dir='ltr'><strong><em>enirm</em></strong></span> <span class='ocrx_word' id='word_1_94' title='bbox 920 1039 1038 1089; x_wconf 84' lang='lat' dir='ltr'><strong><em>Aristidis</em></strong></span> <span class='ocrx_word' id='word_1_95' title='bbox 1055 1038 1159 1088; x_wconf 85' lang='lat' dir='ltr'><strong><em>tabulam</em></strong></span> <span class='ocrx_word' id='word_1_96' title='bbox 1177 1037 1290 1087; x_wconf 83' lang='lat' dir='ltr'><strong><em>Liberum</em></strong></span> 
     </span>
     <span class='ocr_line' id='line_1_10' title="bbox 165 1119 1297 1192; baseline -0.005 -16"><span class='ocrx_word' id='word_1_97' title='bbox 165 1136 261 1192; x_wconf 84' lang='lat' dir='ltr'><strong><em>patrem</em></strong></span> <span class='ocrx_word' id='word_1_98' title='bbox 278 1124 442 1188; x_wconf 87' lang='lat' dir='ltr'><strong><em>continentem]</em></strong></span> <span class='ocrx_word' id='word_1_99' title='bbox 469 1126 552 1175; x_wconf 83' lang='lat' dir='ltr'><strong><em>Acad.</em></strong></span> <span class='ocrx_word' id='word_1_100' title='bbox 573 1141 629 1173; x_wconf 87' lang='lat' dir='ltr'><strong><em>nam</em></strong></span> <span class='ocrx_word' id='word_1_101' title='bbox 647 1141 697 1174; x_wconf 87' lang='lat' dir='ltr'><strong><em>oum</em></strong></span> <span class='ocrx_word' id='word_1_102' title='bbox 712 1124 831 1189; x_wconf 80' lang='lat' dir='ltr'><strong><em>praedam</em></strong></span> <span class='ocrx_word' id='word_1_103' title='bbox 849 1123 994 1174; x_wconf 81' lang='lat' dir='ltr'><strong><em>vendendam</em></strong></span> <span class='ocrx_word' id='word_1_104' title='bbox 1011 1123 1163 1172; x_wconf 67' lang='lat' dir='ltr'><strong><em>destruxisset</em></strong></span> <span class='ocrx_word' id='word_1_105' title='bbox 1179 1131 1203 1171; x_wconf 89' lang='lat' dir='ltr'><strong><em>et</em></strong></span> <span class='ocrx_word' id='word_1_106' title='bbox 1218 1119 1297 1172; x_wconf 91' lang='lat' dir='ltr'><strong><em>XVI</em></strong></span> 
     </span>
     <span class='ocr_line' id='line_1_11' title="bbox 169 1207 1291 1274; baseline -0.005 -14"><span class='ocrx_word' id='word_1_107' title='bbox 169 1210 236 1261; x_wconf 81' lang='lat' dir='ltr'><strong><em>libris</em></strong></span> <span class='ocrx_word' id='word_1_108' title='bbox 255 1210 347 1259; x_wconf 73' lang='lat' dir='ltr'><strong><em>emisset</em></strong></span> <span class='ocrx_word' id='word_1_109' title='bbox 366 1207 486 1260; x_wconf 74' lang='lat' dir='ltr'><strong><em>Aristides</em></strong></span> <span class='ocrx_word' id='word_1_110' title='bbox 503 1217 597 1274; x_wconf 90' lang='lat' dir='ltr'><strong><em>patrem</em></strong></span> <span class='ocrx_word' id='word_1_111' title='bbox 619 1208 716 1258; x_wconf 85' lang='lat' dir='ltr'><strong><em>liberum</em></strong></span> <span class='ocrx_word' id='word_1_112' title='bbox 737 1208 844 1259; x_wconf 87' lang='lat' dir='ltr'><strong><em>tabulam</em></strong></span> <span class='ocrx_word' id='word_1_113' title='bbox 861 1217 884 1258; x_wconf 86' lang='lat' dir='ltr'><strong><em>et</em></strong></span> <span class='ocrx_word' id='word_1_114' title='bbox 897 1210 999 1272; x_wconf 87' lang='lat' dir='ltr'><strong><em>pretium</em></strong></span> <span class='ocrx_word' id='word_1_115' title='bbox 1012 1208 1119 1256; x_wconf 79' lang='lat' dir='ltr'><strong><em>miratus.</em></strong></span> <span class='ocrx_word' id='word_1_116' title='bbox 1148 1207 1215 1258; x_wconf 79' lang='lat' dir='ltr'><strong><em>Gau.</em></strong></span> <span class='ocrx_word' id='word_1_117' title='bbox 1236 1221 1291 1255; x_wconf 90' lang='lat' dir='ltr'><strong><em>nam</em></strong></span> 
     </span>
     <span class='ocr_line' id='line_1_12' title="bbox 167 1289 1292 1360; baseline -0.005 -15"><span class='ocrx_word' id='word_1_118' title='bbox 167 1310 220 1345; x_wconf 82' lang='lat' dir='ltr'><strong><em>cam</em></strong></span> <span class='ocrx_word' id='word_1_119' title='bbox 240 1295 265 1344; x_wconf 87' lang='lat' dir='ltr'><strong><em>in</em></strong></span> <span class='ocrx_word' id='word_1_120' title='bbox 282 1294 361 1360; x_wconf 89' lang='lat' dir='ltr'><strong><em>preda</em></strong></span> <span class='ocrx_word' id='word_1_121' title='bbox 381 1292 516 1343; x_wconf 84' lang='lat' dir='ltr'><strong><em>vendendas</em></strong></span> <span class='ocrx_word' id='word_1_122' title='bbox 536 1293 689 1343; x_wconf 83' lang='lat' dir='ltr'><strong><em>distrouisset</em></strong></span> <span class='ocrx_word' id='word_1_123' title='bbox 707 1303 731 1342; x_wconf 90' lang='lat' dir='ltr'><strong><em>et</em></strong></span> <span class='ocrx_word' id='word_1_124' title='bbox 750 1293 827 1346; x_wconf 90' lang='lat' dir='ltr'><strong><em>XVI</em></strong></span> <span class='ocrx_word' id='word_1_125' title='bbox 843 1293 909 1344; x_wconf 67' lang='lat' dir='ltr'><strong><em>libres</em></strong></span> <span class='ocrx_word' id='word_1_126' title='bbox 929 1293 1022 1342; x_wconf 85' lang='lat' dir='ltr'><strong><em>emisset</em></strong></span> <span class='ocrx_word' id='word_1_127' title='bbox 1041 1291 1163 1341; x_wconf 78' lang='lat' dir='ltr'><strong><em>Aristides</em></strong></span> <span class='ocrx_word' id='word_1_128' title='bbox 1187 1289 1292 1340; x_wconf 85' lang='lat' dir='ltr'><strong><em>tabulam</em></strong></span> 
     </span>
     <span class='ocr_line' id='line_1_13' title="bbox 170 1374 1292 1444; baseline -0.005 -15"><span class='ocrx_word' id='word_1_129' title='bbox 170 1378 266 1429; x_wconf 71' lang='grc' dir='ltr'>Ιῶινιιιιι</span> <span class='ocrx_word' id='word_1_130' title='bbox 284 1387 377 1442; x_wconf 87' lang='lat' dir='ltr'><strong><em>patrem</em></strong></span> <span class='ocrx_word' id='word_1_131' title='bbox 394 1379 499 1443; x_wconf 86' lang='lat' dir='ltr'><strong><em>pretium</em></strong></span> <span class='ocrx_word' id='word_1_132' title='bbox 520 1379 628 1429; x_wconf 79' lang='lat' dir='ltr'><strong><em>miratus.</em></strong></span> <span class='ocrx_word' id='word_1_133' title='bbox 655 1381 759 1444; x_wconf 90' lang='lat' dir='ltr'><strong><em>Menap.</em></strong></span> <span class='ocrx_word' id='word_1_134' title='bbox 779 1395 835 1427; x_wconf 88' lang='lat' dir='ltr'><strong><em>nam</em></strong></span> <span class='ocrx_word' id='word_1_135' title='bbox 854 1395 906 1428; x_wconf 90' lang='lat' dir='ltr'><strong><em>cum</em></strong></span> <span class='ocrx_word' id='word_1_136' title='bbox 927 1378 953 1427; x_wconf 86' lang='lat' dir='ltr'><strong><em>in</em></strong></span> <span class='ocrx_word' id='word_1_137' title='bbox 970 1377 1049 1442; x_wconf 89' lang='lat' dir='ltr'><strong><em>preda</em></strong></span> <span class='ocrx_word' id='word_1_138' title='bbox 1064 1375 1188 1426; x_wconf 85' lang='lat' dir='ltr'><strong><em>vendenda</em></strong></span> <span class='ocrx_word' id='word_1_139' title='bbox 1204 1374 1292 1424; x_wconf 67' lang='lat' dir='ltr'><strong><em>deutra·</em></strong></span> 
     </span>
     <span class='ocr_line' id='line_1_14' title="bbox 168 1460 1294 1528; baseline -0.005 -14"><span class='ocrx_word' id='word_1_140' title='bbox 168 1465 244 1514; x_wconf 74' lang='lat' dir='ltr'><strong><em>uisam</em></strong></span> <span class='ocrx_word' id='word_1_141' title='bbox 264 1473 288 1513; x_wconf 85' lang='lat' dir='ltr'><strong><em>et</em></strong></span> <span class='ocrx_word' id='word_1_142' title='bbox 310 1463 388 1515; x_wconf 88' lang='lat' dir='ltr'><strong><em>XVI</em></strong></span> <span class='ocrx_word' id='word_1_143' title='bbox 406 1461 473 1513; x_wconf 74' lang='lat' dir='ltr'><strong><em>turn</em></strong></span> <span class='ocrx_word' id='word_1_144' title='bbox 494 1463 585 1512; x_wconf 74' lang='lat' dir='ltr'><strong><em>enaret</em></strong></span> <span class='ocrx_word' id='word_1_145' title='bbox 605 1462 717 1512; x_wconf 71' lang='lat' dir='ltr'><strong><em>aristides</em></strong></span> <span class='ocrx_word' id='word_1_146' title='bbox 739 1461 835 1513; x_wconf 84' lang='lat' dir='ltr'><strong><em>liberum</em></strong></span> <span class='ocrx_word' id='word_1_147' title='bbox 856 1471 950 1528; x_wconf 86' lang='lat' dir='ltr'><strong><em>putrem</em></strong></span> <span class='ocrx_word' id='word_1_148' title='bbox 974 1461 1078 1511; x_wconf 85' lang='lat' dir='ltr'><strong><em>tabulam</em></strong></span> <span class='ocrx_word' id='word_1_149' title='bbox 1095 1461 1210 1525; x_wconf 87' lang='lat' dir='ltr'><strong><em>precium.</em></strong></span> <span class='ocrx_word' id='word_1_150' title='bbox 1241 1460 1294 1512; x_wconf 89' lang='lat' dir='ltr'><strong><em>Ubi</em></strong></span> 
     </span>
     <span class='ocr_line' id='line_1_15' title="bbox 168 1534 1294 1613; baseline -0.005 -14"><span class='ocrx_word' id='word_1_151' title='bbox 168 1548 268 1599; x_wconf 74' lang='lat' dir='ltr'><strong><em>mderim</em></strong></span> <span class='ocrx_word' id='word_1_152' title='bbox 290 1548 356 1597; x_wconf 70' lang='lat' dir='ltr'><strong><em>labris</em></strong></span> <span class='ocrx_word' id='word_1_153' title='bbox 377 1563 424 1613; x_wconf 88' lang='lat' dir='ltr'><strong><em>pro</em></strong></span> <span class='ocrx_word' id='word_1_154' title='bbox 445 1546 545 1596; x_wconf 84' lang='lat' dir='ltr'><strong><em>sedecim</em></strong></span> <span class='ocrx_word' id='word_1_155' title='bbox 569 1546 663 1596; x_wconf 85' lang='lat' dir='ltr'><strong><em>talentis</em></strong></span> <span class='ocrx_word' id='word_1_156' title='bbox 684 1550 804 1613; x_wconf 85' lang='lat' dir='ltr'><strong><em>scriptum</em></strong></span> <span class='ocrx_word' id='word_1_157' title='bbox 826 1534 995 1598; x_wconf 79' lang='lat' dir='ltr'><strong><em>arbitrabatur</em></strong></span> <span class='ocrx_word' id='word_1_158' title='bbox 1016 1549 1149 1608; x_wconf 84' lang='lat' dir='ltr'><strong><em>Budaeus,</em></strong></span> <span class='ocrx_word' id='word_1_159' title='bbox 1170 1560 1249 1610; x_wconf 90' lang='lat' dir='ltr'><strong><em>quum</em></strong></span> <span class='ocrx_word' id='word_1_160' title='bbox 1269 1553 1294 1594; x_wconf 90' lang='lat' dir='ltr'><strong><em>et</em></strong></span> 
     </span>
     <span class='ocr_line' id='line_1_16' title="bbox 168 1630 1294 1697; baseline -0.002 -17"><span class='ocrx_word' id='word_1_161' title='bbox 168 1634 224 1696; x_wconf 86' lang='lat' dir='ltr'><strong><em>ipsa</em></strong></span> <span class='ocrx_word' id='word_1_162' title='bbox 241 1633 277 1682; x_wconf 89' lang='lat' dir='ltr'><strong><em>sic</em></strong></span> <span class='ocrx_word' id='word_1_163' title='bbox 293 1633 320 1681; x_wconf 92' lang='lat' dir='ltr'><strong><em>iu</em></strong></span> <span class='ocrx_word' id='word_1_164' title='bbox 337 1634 388 1683; x_wconf 88' lang='lat' dir='ltr'><strong><em>suis</em></strong></span> <span class='ocrx_word' id='word_1_165' title='bbox 405 1633 551 1683; x_wconf 85' lang='lat' dir='ltr'><strong><em>invenisset.</em></strong></span> <span class='ocrx_word' id='word_1_166' title='bbox 582 1633 718 1683; x_wconf 84' lang='lat' dir='ltr'><strong><em>Caeterum</em></strong></span> <span class='ocrx_word' id='word_1_167' title='bbox 735 1634 786 1682; x_wconf 91' lang='lat' dir='ltr'><strong><em>hoc</em></strong></span> <span class='ocrx_word' id='word_1_168' title='bbox 803 1649 905 1697; x_wconf 90' lang='lat' dir='ltr'><strong><em>quoque</em></strong></span> <span class='ocrx_word' id='word_1_169' title='bbox 922 1634 1061 1696; x_wconf 81' lang='lat' dir='ltr'><strong><em>specimen,</em></strong></span> <span class='ocrx_word' id='word_1_170' title='bbox 1085 1632 1147 1696; x_wconf 87' lang='lat' dir='ltr'><strong><em>quid</em></strong></span> <span class='ocrx_word' id='word_1_171' title='bbox 1166 1633 1193 1680; x_wconf 95' lang='lat' dir='ltr'><strong><em>in</em></strong></span> <span class='ocrx_word' id='word_1_172' title='bbox 1209 1630 1294 1681; x_wconf 89' lang='lat' dir='ltr'><strong><em>Plinio</em></strong></span> 
     </span>
     <span class='ocr_line' id='line_1_17' title="bbox 169 1715 1357 1780; baseline -0.003 -13"><span class='ocrx_word' id='word_1_173' title='bbox 169 1716 216 1767; x_wconf 88' lang='lat' dir='ltr'><strong><em>sibi</em></strong></span> <span class='ocrx_word' id='word_1_174' title='bbox 233 1715 309 1765; x_wconf 89' lang='lat' dir='ltr'><strong><em>licere</em></strong></span> <span class='ocrx_word' id='word_1_175' title='bbox 324 1718 458 1766; x_wconf 86' lang='lat' dir='ltr'><strong><em>voluerint.</em></strong></span> <span class='ocrx_word' id='word_1_176' title='bbox 484 1717 563 1766; x_wconf 87' lang='lat' dir='ltr'><strong><em>Voss.</em></strong></span> <span class='ocrx_word' id='word_1_177' title='bbox 584 1715 610 1764; x_wconf 89' lang='lat' dir='ltr'><strong><em>in</em></strong></span> <span class='ocrx_word' id='word_1_178' title='bbox 622 1716 720 1780; x_wconf 89' lang='lat' dir='ltr'><strong><em>praeda</em></strong></span> <span class='ocrx_word' id='word_1_179' title='bbox 735 1716 857 1766; x_wconf 84' lang='lat' dir='ltr'><strong><em>vendenda</em></strong></span> <span class='ocrx_word' id='word_1_180' title='bbox 874 1733 917 1766; x_wconf 82' lang='lat' dir='ltr'><strong><em>reu</em></strong></span> <span class='ocrx_word' id='word_1_181' title='bbox 933 1715 1012 1765; x_wconf 86' lang='lat' dir='ltr'><strong><em>atalia</em></strong></span> <span class='ocrx_word' id='word_1_182' title='bbox 1029 1716 1061 1766; x_wconf 88' lang='lat' dir='ltr'><em>X</em></span> <span class='ocrx_word' id='word_1_183' title='bbox 1077 1715 1211 1768; x_wconf 74' lang='lat' dir='ltr'><strong><em>tremiscet</em></strong></span> <span class='ocrx_word' id='word_1_184' title='bbox 1228 1716 1294 1764; x_wconf 83' lang='lat' dir='ltr'><strong><em>taba·</em></strong></span> <span class='ocrx_word' id='word_1_185' title='bbox 1308 1725 1357 1770; x_wconf 78' lang='lat'><strong><em>832</em></strong></span> 
     </span>
     <span class='ocr_line' id='line_1_18' title="bbox 170 1799 1293 1866; baseline -0.001 -17"><span class='ocrx_word' id='word_1_186' title='bbox 170 1801 218 1849; x_wconf 84' lang='lat' dir='ltr'><strong><em>lam</em></strong></span> <span class='ocrx_word' id='word_1_187' title='bbox 240 1799 358 1851; x_wconf 73' lang='lat' dir='ltr'><strong><em>Aristides</em></strong></span> <span class='ocrx_word' id='word_1_188' title='bbox 378 1800 474 1851; x_wconf 85' lang='lat' dir='ltr'><strong><em>liberum</em></strong></span> <span class='ocrx_word' id='word_1_189' title='bbox 493 1809 586 1865; x_wconf 89' lang='lat' dir='ltr'><strong><em>patrem</em></strong></span> <span class='ocrx_word' id='word_1_190' title='bbox 604 1801 681 1866; x_wconf 87' lang='lat' dir='ltr'><strong><em>pretio</em></strong></span> <span class='ocrx_word' id='word_1_191' title='bbox 702 1802 809 1850; x_wconf 85' lang='lat' dir='ltr'><strong><em>miratus.</em></strong></span> <span class='ocrx_word' id='word_1_192' title='bbox 840 1802 928 1852; x_wconf 83' lang='lat' dir='ltr'><strong><em>Dictat</em></strong></span> <span class='ocrx_word' id='word_1_193' title='bbox 949 1809 1016 1851; x_wconf 87' lang='lat' dir='ltr'><strong><em>certa</em></strong></span> <span class='ocrx_word' id='word_1_194' title='bbox 1036 1799 1160 1849; x_wconf 79' lang='lat' dir='ltr'><strong><em>denaridrn</em></strong></span> <span class='ocrx_word' id='word_1_195' title='bbox 1180 1817 1222 1848; x_wconf 83' lang='lat' dir='ltr'><strong><em>seu</em></strong></span> <span class='ocrx_word' id='word_1_196' title='bbox 1242 1799 1293 1848; x_wconf 82' lang='lat' dir='ltr'><strong><em>rnil-</em></strong></span> 
     </span>
     <span class='ocr_line' id='line_1_19' title="bbox 171 1883 1294 1948; baseline -0.003 -14"><span class='ocrx_word' id='word_1_197' title='bbox 171 1883 240 1935; x_wconf 76' lang='lat' dir='ltr'><strong><em>lita.</em></strong></span> <span class='ocrx_word' id='word_1_198' title='bbox 266 1886 303 1936; x_wconf 83' lang='lat' dir='ltr'><strong><em>At</em></strong></span> <span class='ocrx_word' id='word_1_199' title='bbox 322 1889 412 1936; x_wconf 88' lang='lat' dir='ltr'><strong><em>eadem</em></strong></span> <span class='ocrx_word' id='word_1_200' title='bbox 433 1887 464 1935; x_wconf 89' lang='lat' dir='ltr'><strong><em>dc</em></strong></span> <span class='ocrx_word' id='word_1_201' title='bbox 485 1887 660 1946; x_wconf 70' lang='lat' dir='ltr'><strong><em>renunes</em></strong></span> <span class='ocrx_word' id='word_1_202' title='bbox 680 1884 819 1948; x_wconf 80' lang='lat' dir='ltr'><strong><em>[39,1au]:</em></strong></span> <span class='ocrx_word' id='word_1_203' title='bbox 841 1883 959 1934; x_wconf 71' lang='lat' dir='ltr'><strong><em>Aristidis</em></strong></span> <span class='ocrx_word' id='word_1_204' title='bbox 979 1883 1087 1935; x_wconf 76' lang='lat' dir='ltr'><strong><em>Ibebani</em></strong></span> <span class='ocrx_word' id='word_1_205' title='bbox 1103 1883 1203 1947; x_wconf 86' lang='lat' dir='ltr'><strong><em>pictoris</em></strong></span> <span class='ocrx_word' id='word_1_206' title='bbox 1223 1899 1294 1932; x_wconf 88' lang='lat' dir='ltr'><strong><em>unam</em></strong></span> 
     </span>
     <span class='ocr_line' id='line_1_20' title="bbox 171 1968 1295 2021; baseline 0 -2"><span class='ocrx_word' id='word_1_207' title='bbox 171 1968 277 2019; x_wconf 70' lang='lat' dir='ltr'><strong><em>aaran</em></strong></span> <span class='ocrx_word' id='word_1_208' title='bbox 297 1978 386 2019; x_wconf 73' lang='lat' dir='ltr'><strong><em>aaran</em></strong></span> <span class='ocrx_word' id='word_1_209' title='bbox 407 1969 502 2019; x_wconf 73' lang='lat' dir='ltr'><strong><em>tamnus</em></strong></span> <span class='ocrx_word' id='word_1_210' title='bbox 522 1986 564 2018; x_wconf 79' lang='lat' dir='ltr'><strong><em>rea</em></strong></span> <span class='ocrx_word' id='word_1_211' title='bbox 581 1969 678 2019; x_wconf 77' lang='lat' dir='ltr'><strong><em>Atratus</em></strong></span> <span class='ocrx_word' id='word_1_212' title='bbox 699 1969 805 2019; x_wconf 71' lang='lat' dir='ltr'><strong><em>latratas</em></strong></span> <span class='ocrx_word' id='word_1_213' title='bbox 823 1978 864 2019; x_wconf 82' lang='lat' dir='ltr'><strong><em>est.</em></strong></span> <span class='ocrx_word' id='word_1_214' title='bbox 890 1970 940 2021; x_wconf 83' lang='lat' dir='ltr'><strong><em>Ubi</em></strong></span> <span class='ocrx_word' id='word_1_215' title='bbox 959 1971 979 2019; x_wconf 86' lang='lat' dir='ltr'><strong><em>si</em></strong></span> <span class='ocrx_word' id='word_1_216' title='bbox 997 1968 1081 2019; x_wconf 82' lang='lat' dir='ltr'><strong><em>valere</em></strong></span> <span class='ocrx_word' id='word_1_217' title='bbox 1098 1970 1179 2019; x_wconf 80' lang='lat' dir='ltr'><strong><em>altera</em></strong></span> <span class='ocrx_word' id='word_1_218' title='bbox 1196 1984 1295 2019; x_wconf 84' lang='lat' dir='ltr'><strong><em>summa</em></strong></span> 
     </span>
     <span class='ocr_line' id='line_1_21' title="bbox 169 2052 1294 2118; baseline -0.002 -14"><span class='ocrx_word' id='word_1_219' title='bbox 169 2056 260 2114; x_wconf 84' lang='lat' dir='ltr'><strong><em>debet,</em></strong></span> <span class='ocrx_word' id='word_1_220' title='bbox 280 2055 440 2105; x_wconf 88' lang='lat' dir='ltr'><strong><em>scribendum</em></strong></span> <span class='ocrx_word' id='word_1_221' title='bbox 460 2070 530 2103; x_wconf 91' lang='lat' dir='ltr'><strong><em>unam</em></strong></span> <span class='ocrx_word' id='word_1_222' title='bbox 554 2054 658 2103; x_wconf 86' lang='lat' dir='ltr'><strong><em>tabulam</em></strong></span> <span class='ocrx_word' id='word_1_223' title='bbox 685 2053 772 2104; x_wconf 85' lang='lat' dir='ltr'><strong><em>talento</em></strong></span> <span class='ocrx_word' id='word_1_224' title='bbox 795 2053 899 2103; x_wconf 85' lang='lat' dir='ltr'><strong><em>licitatus</em></strong></span> <span class='ocrx_word' id='word_1_225' title='bbox 921 2062 963 2104; x_wconf 85' lang='lat' dir='ltr'><strong><em>est.</em></strong></span> <span class='ocrx_word' id='word_1_226' title='bbox 994 2052 1072 2113; x_wconf 88' lang='lat' dir='ltr'><strong><em>Quod</em></strong></span> <span class='ocrx_word' id='word_1_227' title='bbox 1094 2055 1114 2103; x_wconf 91' lang='lat' dir='ltr'><strong><em>si</em></strong></span> <span class='ocrx_word' id='word_1_228' title='bbox 1134 2054 1216 2103; x_wconf 81' lang='lat' dir='ltr'><strong><em>verius</em></strong></span> <span class='ocrx_word' id='word_1_229' title='bbox 1233 2067 1294 2118; x_wconf 71' lang='lat' dir='ltr'><strong><em>‚pre-</em></strong></span> 
     </span>
     <span class='ocr_line' id='line_1_22' title="bbox 169 2138 1295 2205; baseline -0.002 -16"><span class='ocrx_word' id='word_1_230' title='bbox 169 2141 235 2189; x_wconf 84' lang='lat' dir='ltr'><strong><em>tium</em></strong></span> <span class='ocrx_word' id='word_1_231' title='bbox 252 2148 291 2190; x_wconf 82' lang='lat' dir='ltr'><strong><em>est</em></strong></span> <span class='ocrx_word' id='word_1_232' title='bbox 306 2148 409 2190; x_wconf 85' lang='lat' dir='ltr'><strong><em>eentum</em></strong></span> <span class='ocrx_word' id='word_1_233' title='bbox 425 2141 521 2190; x_wconf 85' lang='lat' dir='ltr'><strong><em>talenta</em></strong></span> <span class='ocrx_word' id='word_1_234' title='bbox 542 2138 614 2202; x_wconf 91' lang='lat' dir='ltr'><strong><em>(nam</em></strong></span> <span class='ocrx_word' id='word_1_235' title='bbox 632 2148 657 2190; x_wconf 90' lang='lat' dir='ltr'><strong><em>et</em></strong></span> <span class='ocrx_word' id='word_1_236' title='bbox 674 2142 723 2190; x_wconf 90' lang='lat' dir='ltr'><strong><em>hoc</em></strong></span> <span class='ocrx_word' id='word_1_237' title='bbox 739 2142 822 2205; x_wconf 88' lang='lat' dir='ltr'><strong><em>capite</em></strong></span> <span class='ocrx_word' id='word_1_238' title='bbox 838 2139 916 2201; x_wconf 86' lang='lat' dir='ltr'><strong><em>infra,</em></strong></span> <span class='ocrx_word' id='word_1_239' title='bbox 939 2140 981 2188; x_wconf 89' lang='lat' dir='ltr'><strong><em>ubi</em></strong></span> <span class='ocrx_word' id='word_1_240' title='bbox 1001 2142 1032 2188; x_wconf 88' lang='lat' dir='ltr'><strong><em>de</em></strong></span> <span class='ocrx_word' id='word_1_241' title='bbox 1049 2139 1167 2202; x_wconf 86' lang='lat' dir='ltr'><strong><em>operibus</em></strong></span> <span class='ocrx_word' id='word_1_242' title='bbox 1184 2141 1295 2188; x_wconf 88' lang='lat' dir='ltr'><strong><em>eiusdem</em></strong></span> 
     </span>
    </p>

    <p class='ocr_par' dir='ltr' id='par_1_4' title="bbox 64 2221 1297 2539">
     <span class='ocr_line' id='line_1_23' title="bbox 64 2221 1297 2287; baseline -0.002 -14"><span class='ocrx_word' id='word_1_243' title='bbox 64 2242 67 2253; x_wconf 92' lang='grc'><strong><em>·</em></strong></span> <span class='ocrx_word' id='word_1_244' title='bbox 170 2224 290 2277; x_wconf 84' lang='lat' dir='ltr'><strong><em>Thebani</em></strong></span> <span class='ocrx_word' id='word_1_245' title='bbox 315 2225 380 2287; x_wconf 83' lang='lat' dir='ltr'><strong><em>agit:</em></strong></span> <span class='ocrx_word' id='word_1_246' title='bbox 411 2240 461 2286; x_wconf 82' lang='lat' dir='ltr'><strong><em>qua</em></strong></span> <span class='ocrx_word' id='word_1_247' title='bbox 483 2223 508 2272; x_wconf 85' lang='lat' dir='ltr'><strong><em>in</em></strong></span> <span class='ocrx_word' id='word_1_248' title='bbox 532 2231 586 2272; x_wconf 89' lang='lat' dir='ltr'><strong><em>arte</em></strong></span> <span class='ocrx_word' id='word_1_249' title='bbox 609 2223 687 2273; x_wconf 81' lang='lat' dir='ltr'><strong><em>valuit</em></strong></span> <span class='ocrx_word' id='word_1_250' title='bbox 710 2225 758 2285; x_wconf 88' lang='lat' dir='ltr'><strong><em>ita,</em></strong></span> <span class='ocrx_word' id='word_1_251' title='bbox 784 2233 810 2273; x_wconf 87' lang='lat' dir='ltr'><strong><em>at</em></strong></span> <span class='ocrx_word' id='word_1_252' title='bbox 831 2222 930 2274; x_wconf 86' lang='lat' dir='ltr'><strong><em>Attalus</em></strong></span> <span class='ocrx_word' id='word_1_253' title='bbox 958 2239 1002 2271; x_wconf 80' lang='lat' dir='ltr'><strong><em>rex</em></strong></span> <span class='ocrx_word' id='word_1_254' title='bbox 1024 2239 1095 2271; x_wconf 91' lang='lat' dir='ltr'><strong><em>unam</em></strong></span> <span class='ocrx_word' id='word_1_255' title='bbox 1120 2221 1224 2271; x_wconf 85' lang='lat' dir='ltr'><strong><em>tabulam</em></strong></span> <span class='ocrx_word' id='word_1_256' title='bbox 1247 2222 1297 2271; x_wconf 86' lang='lat' dir='ltr'><strong><em>eius</em></strong></span> 
     </span>
     <span class='ocr_line' id='line_1_24' title="bbox 171 2307 1297 2371; baseline -0.001 -15"><span class='ocrx_word' id='word_1_257' title='bbox 171 2315 262 2356; x_wconf 87' lang='lat' dir='ltr'><strong><em>eentum</em></strong></span> <span class='ocrx_word' id='word_1_258' title='bbox 276 2307 370 2356; x_wconf 87' lang='lat' dir='ltr'><strong><em>talentis</em></strong></span> <span class='ocrx_word' id='word_1_259' title='bbox 382 2308 464 2357; x_wconf 78' lang='lat' dir='ltr'><strong><em>emisse</em></strong></span> <span class='ocrx_word' id='word_1_260' title='bbox 477 2307 610 2371; x_wconf 86' lang='lat' dir='ltr'><strong><em>trudatur),</em></strong></span> <span class='ocrx_word' id='word_1_261' title='bbox 627 2310 670 2358; x_wconf 93' lang='lat' dir='ltr'><strong><em>hic</em></strong></span> <span class='ocrx_word' id='word_1_262' title='bbox 686 2307 808 2359; x_wconf 78' lang='lat' dir='ltr'><strong><em>denariim</em></strong></span> <span class='ocrx_word' id='word_1_263' title='bbox 817 2308 938 2364; x_wconf 70' lang='lat' dir='ltr'><strong><em>‚seneentis</em></strong></span> <span class='ocrx_word' id='word_1_264' title='bbox 956 2307 1058 2356; x_wconf 77' lang='lat' dir='ltr'><strong><em>millibus</em></strong></span> <span class='ocrx_word' id='word_1_265' title='bbox 1068 2308 1252 2371; x_wconf 87' lang='lat' dir='ltr'><strong><em>reponendum,</em></strong></span> <span class='ocrx_word' id='word_1_266' title='bbox 1268 2315 1297 2355; x_wconf 92' lang='lat' dir='ltr'><strong><em>ut</em></strong></span> 
     </span>
     <span class='ocr_line' id='line_1_25' title="bbox 170 2390 1297 2455; baseline -0.002 -13"><span class='ocrx_word' id='word_1_267' title='bbox 170 2407 260 2442; x_wconf 87' lang='lat' dir='ltr'><strong><em>seeum</em></strong></span> <span class='ocrx_word' id='word_1_268' title='bbox 276 2393 376 2444; x_wconf 76' lang='lat' dir='ltr'><strong><em>Plinius</em></strong></span> <span class='ocrx_word' id='word_1_269' title='bbox 395 2395 539 2444; x_wconf 88' lang='lat' dir='ltr'><strong><em>concordet.</em></strong></span> <span class='ocrx_word' id='word_1_270' title='bbox 566 2395 633 2444; x_wconf 89' lang='lat' dir='ltr'><strong><em>Nam</em></strong></span> <span class='ocrx_word' id='word_1_271' title='bbox 650 2394 776 2444; x_wconf 85' lang='lat' dir='ltr'><strong><em>talentum</em></strong></span> <span class='ocrx_word' id='word_1_272' title='bbox 794 2395 848 2444; x_wconf 86' lang='lat' dir='ltr'><strong><em>siue</em></strong></span> <span class='ocrx_word' id='word_1_273' title='bbox 865 2394 917 2444; x_wconf 89' lang='lat' dir='ltr'><strong><em>alia</em></strong></span> <span class='ocrx_word' id='word_1_274' title='bbox 933 2392 1111 2455; x_wconf 86' lang='lat' dir='ltr'><strong><em>descriptione,</em></strong></span> <span class='ocrx_word' id='word_1_275' title='bbox 1129 2400 1155 2441; x_wconf 88' lang='lat' dir='ltr'><strong><em>et</em></strong></span> <span class='ocrx_word' id='word_1_276' title='bbox 1172 2390 1297 2442; x_wconf 79' lang='lat' dir='ltr'><strong><em>talentum</em></strong></span> 
     </span>
     <span class='ocr_line' id='line_1_26' title="bbox 171 2477 1296 2539; baseline -0.001 -12"><span class='ocrx_word' id='word_1_277' title='bbox 171 2477 298 2537; x_wconf 87' lang='lat' dir='ltr'><strong><em>Atticam,</em></strong></span> <span class='ocrx_word' id='word_1_278' title='bbox 314 2492 360 2528; x_wconf 83' lang='lat' dir='ltr'><strong><em>sex</em></strong></span> <span class='ocrx_word' id='word_1_279' title='bbox 377 2477 458 2527; x_wconf 89' lang='lat' dir='ltr'><strong><em>millia</em></strong></span> <span class='ocrx_word' id='word_1_280' title='bbox 474 2479 603 2528; x_wconf 78' lang='lat' dir='ltr'><strong><em>denarium</em></strong></span> <span class='ocrx_word' id='word_1_281' title='bbox 620 2479 661 2528; x_wconf 84' lang='lat' dir='ltr'><strong><em>vel</em></strong></span> <span class='ocrx_word' id='word_1_282' title='bbox 679 2480 826 2530; x_wconf 78' lang='lat' dir='ltr'><strong><em>drachmum</em></strong></span> <span class='ocrx_word' id='word_1_283' title='bbox 837 2479 961 2538; x_wconf 86' lang='lat' dir='ltr'><strong><em>Varrone,</em></strong></span> <span class='ocrx_word' id='word_1_284' title='bbox 977 2477 1071 2538; x_wconf 89' lang='lat' dir='ltr'><strong><em>Plinio,</em></strong></span> <span class='ocrx_word' id='word_1_285' title='bbox 1088 2477 1181 2526; x_wconf 83' lang='lat' dir='ltr'><strong><em>Verrio</em></strong></span> <span class='ocrx_word' id='word_1_286' title='bbox 1193 2477 1296 2539; x_wconf 81' lang='lat' dir='ltr'><strong><em>Flacco,</em></strong></span> 
     </span>
    </p>

    <p class='ocr_par' dir='ltr' id='par_1_5' title="bbox 108 2552 1400 3468">
     <span class='ocr_line' id='line_1_27' title="bbox 108 2552 1295 2626; baseline 0 -16"><span class='ocrx_word' id='word_1_287' title='bbox 108 2552 113 2557; x_wconf 68' lang='grc'><em>’</em></span> <span class='ocrx_word' id='word_1_288' title='bbox 172 2561 262 2625; x_wconf 79' lang='lat' dir='ltr'><strong><em>Servio</em></strong></span> <span class='ocrx_word' id='word_1_289' title='bbox 277 2563 392 2623; x_wconf 90' lang='lat' dir='ltr'><strong><em>testibus,</em></strong></span> <span class='ocrx_word' id='word_1_290' title='bbox 409 2562 500 2626; x_wconf 85' lang='lat' dir='ltr'><strong><em>viginti</em></strong></span> <span class='ocrx_word' id='word_1_291' title='bbox 516 2571 625 2625; x_wconf 88' lang='lat' dir='ltr'><strong><em>quatuor</em></strong></span> <span class='ocrx_word' id='word_1_292' title='bbox 641 2564 756 2613; x_wconf 88' lang='lat' dir='ltr'><strong><em>sestertia</em></strong></span> <span class='ocrx_word' id='word_1_293' title='bbox 772 2563 869 2613; x_wconf 84' lang='lat' dir='ltr'><strong><em>Seneca</em></strong></span> <span class='ocrx_word' id='word_1_294' title='bbox 886 2571 912 2612; x_wconf 88' lang='lat' dir='ltr'><strong><em>et</em></strong></span> <span class='ocrx_word' id='word_1_295' title='bbox 923 2562 1066 2612; x_wconf 86' lang='lat' dir='ltr'><strong><em>Prisciano:</em></strong></span> <span class='ocrx_word' id='word_1_296' title='bbox 1086 2563 1173 2611; x_wconf 90' lang='lat' dir='ltr'><strong><em>decem</em></strong></span> <span class='ocrx_word' id='word_1_297' title='bbox 1189 2563 1295 2621; x_wconf 85' lang='lat' dir='ltr'><strong><em>talenta,</em></strong></span> 
     </span>
     <span class='ocr_line' id='line_1_28' title="bbox 175 2645 1307 2711; baseline 0 -17"><span class='ocrx_word' id='word_1_298' title='bbox 175 2645 306 2696; x_wconf 77' lang='lat' dir='ltr'><strong><em>denarium</em></strong></span> <span class='ocrx_word' id='word_1_299' title='bbox 330 2647 371 2697; x_wconf 88' lang='lat' dir='ltr'><strong><em>vel</em></strong></span> <span class='ocrx_word' id='word_1_300' title='bbox 395 2649 543 2697; x_wconf 77' lang='lat' dir='ltr'><strong><em>drachmum</em></strong></span> <span class='ocrx_word' id='word_1_301' title='bbox 566 2649 700 2711; x_wconf 82' lang='lat' dir='ltr'><strong><em>sexaginta</em></strong></span> <span class='ocrx_word' id='word_1_302' title='bbox 723 2648 817 2709; x_wconf 90' lang='lat' dir='ltr'><strong><em>millia,</em></strong></span> <span class='ocrx_word' id='word_1_303' title='bbox 845 2648 960 2698; x_wconf 87' lang='lat' dir='ltr'><strong><em>sestertia</em></strong></span> <span class='ocrx_word' id='word_1_304' title='bbox 984 2647 1093 2695; x_wconf 89' lang='lat' dir='ltr'><strong><em>ducenta</em></strong></span> <span class='ocrx_word' id='word_1_305' title='bbox 1116 2646 1307 2709; x_wconf 57' lang='lat' dir='ltr'><strong><em>quadragintas</em></strong></span> 
     </span>
     <span class='ocr_line' id='line_1_29' title="bbox 145 2731 1298 2802; baseline 0.002 -25"><span class='ocrx_word' id='word_1_306' title='bbox 145 2787 153 2802; x_wconf 42' lang='lat'><strong>·</strong></span> <span class='ocrx_word' id='word_1_307' title='bbox 173 2737 279 2780; x_wconf 87' lang='lat' dir='ltr'><strong><em>eentum</em></strong></span> <span class='ocrx_word' id='word_1_308' title='bbox 296 2732 399 2792; x_wconf 85' lang='lat' dir='ltr'><strong><em>talenta,</em></strong></span> <span class='ocrx_word' id='word_1_309' title='bbox 417 2733 547 2782; x_wconf 77' lang='lat' dir='ltr'><strong><em>denarium</em></strong></span> <span class='ocrx_word' id='word_1_310' title='bbox 565 2733 748 2783; x_wconf 78' lang='lat' dir='ltr'><strong><em>drachmnmve</em></strong></span> <span class='ocrx_word' id='word_1_311' title='bbox 765 2741 885 2783; x_wconf 85' lang='lat' dir='ltr'><strong><em>sexcenta</em></strong></span> <span class='ocrx_word' id='word_1_312' title='bbox 902 2731 991 2792; x_wconf 90' lang='lat' dir='ltr'><strong><em>millia,</em></strong></span> <span class='ocrx_word' id='word_1_313' title='bbox 1009 2732 1149 2781; x_wconf 76' lang='lat' dir='ltr'><strong><em>sestertium</em></strong></span> <span class='ocrx_word' id='word_1_314' title='bbox 1166 2738 1255 2794; x_wconf 90' lang='lat' dir='ltr'><strong><em>qnater</em></strong></span> <span class='ocrx_word' id='word_1_315' title='bbox 1272 2741 1298 2779; x_wconf 84' lang='lat' dir='ltr'><strong><em>et</em></strong></span> 
     </span>
     <span class='ocr_line' id='line_1_30' title="bbox 172 2813 1298 2880; baseline 0.001 -17"><span class='ocrx_word' id='word_1_316' title='bbox 172 2815 258 2864; x_wconf 81' lang='lat' dir='ltr'><strong><em>vicies.</em></strong></span> <span class='ocrx_word' id='word_1_317' title='bbox 280 2813 346 2865; x_wconf 87' lang='lat' dir='ltr'><strong><em>Vult</em></strong></span> <span class='ocrx_word' id='word_1_318' title='bbox 361 2823 493 2879; x_wconf 85' lang='lat' dir='ltr'><strong><em>praeterea</em></strong></span> <span class='ocrx_word' id='word_1_319' title='bbox 509 2816 574 2865; x_wconf 89' lang='lat' dir='ltr'><strong><em>liber</em></strong></span> <span class='ocrx_word' id='word_1_320' title='bbox 591 2818 713 2880; x_wconf 89' lang='lat' dir='ltr'><strong><em>optimus:</em></strong></span> <span class='ocrx_word' id='word_1_321' title='bbox 737 2814 841 2865; x_wconf 87' lang='lat' dir='ltr'><strong><em>tabulam</em></strong></span> <span class='ocrx_word' id='word_1_322' title='bbox 853 2814 977 2865; x_wconf 81' lang='lat' dir='ltr'><strong><em>Aristides</em></strong></span> <span class='ocrx_word' id='word_1_323' title='bbox 989 2814 1102 2864; x_wconf 88' lang='lat' dir='ltr'><strong><em>Liberum</em></strong></span> <span class='ocrx_word' id='word_1_324' title='bbox 1114 2815 1221 2877; x_wconf 86' lang='lat' dir='ltr'><strong><em>Patrem,</em></strong></span> <span class='ocrx_word' id='word_1_325' title='bbox 1244 2816 1298 2866; x_wconf 89' lang='lat' dir='ltr'><strong><em>siue</em></strong></span> 
     </span>
     <span class='ocr_line' id='line_1_31' title="bbox 172 2895 1299 2964; baseline 0.003 -17"><span class='ocrx_word' id='word_1_326' title='bbox 172 2895 213 2963; x_wconf 80' lang='grc' dir='ltr'><strong><em>τῷ</em></strong></span> <span class='ocrx_word' id='word_1_327' title='bbox 223 2897 383 2959; x_wconf 87' lang='lat' dir='ltr'><strong><em>continentem,</em></strong></span> <span class='ocrx_word' id='word_1_328' title='bbox 401 2901 471 2962; x_wconf 90' lang='lat' dir='ltr'><strong><em>quod</em></strong></span> <span class='ocrx_word' id='word_1_329' title='bbox 487 2908 513 2949; x_wconf 92' lang='lat' dir='ltr'><strong><em>et</em></strong></span> <span class='ocrx_word' id='word_1_330' title='bbox 528 2900 572 2949; x_wconf 86' lang='lat' dir='ltr'><strong><em>alii</em></strong></span> <span class='ocrx_word' id='word_1_331' title='bbox 590 2901 669 2950; x_wconf 89' lang='lat' dir='ltr'><strong><em>nostri</em></strong></span> <span class='ocrx_word' id='word_1_332' title='bbox 685 2907 737 2951; x_wconf 87' lang='lat' dir='ltr'><strong><em>tres</em></strong></span> <span class='ocrx_word' id='word_1_333' title='bbox 753 2908 920 2964; x_wconf 87' lang='lat' dir='ltr'><strong><em>aspernantur</em></strong></span> <span class='ocrx_word' id='word_1_334' title='bbox 936 2909 961 2949; x_wconf 90' lang='lat' dir='ltr'><strong><em>et</em></strong></span> <span class='ocrx_word' id='word_1_335' title='bbox 976 2901 1042 2949; x_wconf 91' lang='lat' dir='ltr'><strong><em>libor</em></strong></span> <span class='ocrx_word' id='word_1_336' title='bbox 1057 2901 1177 2949; x_wconf 86' lang='lat' dir='ltr'><strong><em>Pintiani.</em></strong></span> <span class='ocrx_word' id='word_1_337' title='bbox 1200 2902 1299 2950; x_wconf 88' lang='lat' dir='ltr'><strong><em>Dicitur</em></strong></span> 
     </span>
     <span class='ocr_line' id='line_1_32' title="bbox 173 2980 1299 3047; baseline -0.001 -16"><span class='ocrx_word' id='word_1_338' title='bbox 173 2982 243 3031; x_wconf 85' lang='lat' dir='ltr'><strong><em>enim</em></strong></span> <span class='ocrx_word' id='word_1_339' title='bbox 262 2996 308 3045; x_wconf 87' lang='lat' dir='ltr'><strong><em>per</em></strong></span> <span class='ocrx_word' id='word_1_340' title='bbox 327 2985 491 3046; x_wconf 67' lang='lat' dir='ltr'><strong><em>epexegesim</em></strong></span> <span class='ocrx_word' id='word_1_341' title='bbox 512 2999 589 3046; x_wconf 89' lang='lat' dir='ltr'><strong><em>quam</em></strong></span> <span class='ocrx_word' id='word_1_342' title='bbox 609 2984 688 3046; x_wconf 79' lang='lat' dir='ltr'><strong><em>vulgo</em></strong></span> <span class='ocrx_word' id='word_1_343' title='bbox 710 2980 880 3047; x_wconf 83' lang='lat' dir='ltr'><strong><em>appositionem</em></strong></span> <span class='ocrx_word' id='word_1_344' title='bbox 901 2992 1006 3044; x_wconf 88' lang='lat' dir='ltr'><strong><em>vocant,</em></strong></span> <span class='ocrx_word' id='word_1_345' title='bbox 1027 2982 1102 3031; x_wconf 85' lang='lat' dir='ltr'><strong><em>Liber</em></strong></span> <span class='ocrx_word' id='word_1_346' title='bbox 1122 2982 1199 3030; x_wconf 89' lang='lat' dir='ltr'><strong><em>Pater</em></strong></span> <span class='ocrx_word' id='word_1_347' title='bbox 1218 2982 1299 3032; x_wconf 84' lang='lat' dir='ltr'><strong><em>tabula</em></strong></span> 
     </span>
     <span class='ocr_line' id='line_1_33' title="bbox 173 3063 1298 3130; baseline 0.001 -15"><span class='ocrx_word' id='word_1_348' title='bbox 173 3065 308 3116; x_wconf 80' lang='lat' dir='ltr'><strong><em>Aristides.</em></strong></span> <span class='ocrx_word' id='word_1_349' title='bbox 327 3067 371 3118; x_wconf 82' lang='lat' dir='ltr'><strong><em>sie</em></strong></span> <span class='ocrx_word' id='word_1_350' title='bbox 383 3068 427 3118; x_wconf 92' lang='lat' dir='ltr'><strong><em>lib.</em></strong></span> <span class='ocrx_word' id='word_1_351' title='bbox 440 3075 481 3126; x_wconf 82' lang='lat'><strong><em>35,</em></strong></span> <span class='ocrx_word' id='word_1_352' title='bbox 497 3073 524 3117; x_wconf 95' lang='lat' dir='ltr'><strong><em>ll</em></strong></span> <span class='ocrx_word' id='word_1_353' title='bbox 542 3065 595 3129; x_wconf 82' lang='lat'>[40‚</span> <span class='ocrx_word' id='word_1_354' title='bbox 611 3065 683 3128; x_wconf 83' lang='lat'>130]:</span> <span class='ocrx_word' id='word_1_355' title='bbox 696 3064 787 3114; x_wconf 87' lang='lat' dir='ltr'><strong><em>Eodem</em></strong></span> <span class='ocrx_word' id='word_1_356' title='bbox 800 3065 960 3130; x_wconf 84' lang='lat' dir='ltr'><strong><em>temporefuit</em></strong></span> <span class='ocrx_word' id='word_1_357' title='bbox 971 3073 993 3114; x_wconf 91' lang='lat' dir='ltr'><strong><em>et</em></strong></span> <span class='ocrx_word' id='word_1_358' title='bbox 1008 3063 1104 3129; x_wconf 78' lang='lat' dir='ltr'><strong><em>Opdias,</em></strong></span> <span class='ocrx_word' id='word_1_359' title='bbox 1117 3067 1182 3114; x_wconf 87' lang='lat' dir='ltr'><strong><em>euius</em></strong></span> <span class='ocrx_word' id='word_1_360' title='bbox 1194 3066 1298 3116; x_wconf 86' lang='lat' dir='ltr'><strong><em>tabulam</em></strong></span> 
     </span>
     <span class='ocr_line' id='line_1_34' title="bbox 173 3148 1298 3215; baseline 0 -15"><span class='ocrx_word' id='word_1_361' title='bbox 173 3151 329 3215; x_wconf 77' lang='lat' dir='ltr'><strong><em>Arponautus</em></strong></span> <span class='ocrx_word' id='word_1_362' title='bbox 340 3152 372 3202; x_wconf 92' lang='grc' dir='ltr'><em>Η</em></span> <span class='ocrx_word' id='word_1_363' title='bbox 373 3178 383 3189; x_wconf 91' lang='grc'>-</span> <span class='ocrx_word' id='word_1_364' title='bbox 388 3151 416 3202; x_wconf 85' lang='lat' dir='ltr'><strong><em>S.</em></strong></span> <span class='ocrx_word' id='word_1_365' title='bbox 431 3148 556 3202; x_wconf 75' lang='lat' dir='ltr'><strong><em>CXLIV</em></strong></span> <span class='ocrx_word' id='word_1_366' title='bbox 562 3151 705 3202; x_wconf 83' lang='lat' dir='ltr'><strong><em>Hortensius</em></strong></span> <span class='ocrx_word' id='word_1_367' title='bbox 717 3159 799 3199; x_wconf 89' lang='lat' dir='ltr'><strong><em>orator</em></strong></span> <span class='ocrx_word' id='word_1_368' title='bbox 810 3157 927 3198; x_wconf 72' lang='lat' dir='ltr'><strong><em>mercatam</em></strong></span> <span class='ocrx_word' id='word_1_369' title='bbox 939 3157 980 3197; x_wconf 86' lang='lat' dir='ltr'><strong><em>eet.</em></strong></span> <span class='ocrx_word' id='word_1_370' title='bbox 1000 3149 1083 3199; x_wconf 81' lang='lat' dir='ltr'><strong><em>Pretio</em></strong></span> <span class='ocrx_word' id='word_1_371' title='bbox 1095 3164 1198 3214; x_wconf 78' lang='lat' dir='ltr'><strong><em>quoque</em></strong></span> <span class='ocrx_word' id='word_1_372' title='bbox 1209 3150 1298 3201; x_wconf 81' lang='lat' dir='ltr'><strong><em>fbrsan</em></strong></span> 
     </span>
     <span class='ocr_line' id='line_1_35' title="bbox 172 3232 1298 3299; baseline -0.004 -14"><span class='ocrx_word' id='word_1_373' title='bbox 172 3235 345 3297; x_wconf 79' lang='lat' dir='ltr'><strong><em>retinendum,</em></strong></span> <span class='ocrx_word' id='word_1_374' title='bbox 365 3243 395 3286; x_wconf 87' lang='lat' dir='ltr'><strong><em>ut</em></strong></span> <span class='ocrx_word' id='word_1_375' title='bbox 410 3235 492 3298; x_wconf 84' lang='lat' dir='ltr'><strong><em>legas:</em></strong></span> <span class='ocrx_word' id='word_1_376' title='bbox 515 3235 627 3299; x_wconf 87' lang='lat' dir='ltr'><strong><em>Namque</em></strong></span> <span class='ocrx_word' id='word_1_377' title='bbox 643 3251 694 3284; x_wconf 87' lang='lat' dir='ltr'><strong><em>curn</em></strong></span> <span class='ocrx_word' id='word_1_378' title='bbox 710 3235 735 3283; x_wconf 88' lang='lat' dir='ltr'><strong><em>in</em></strong></span> <span class='ocrx_word' id='word_1_379' title='bbox 749 3233 846 3299; x_wconf 86' lang='lat' dir='ltr'><strong><em>praeda</em></strong></span> <span class='ocrx_word' id='word_1_380' title='bbox 861 3233 984 3283; x_wconf 86' lang='lat' dir='ltr'><strong><em>vendenda</em></strong></span> <span class='ocrx_word' id='word_1_381' title='bbox 1000 3250 1043 3282; x_wconf 82' lang='lat' dir='ltr'><strong><em>reu</em></strong></span> <span class='ocrx_word' id='word_1_382' title='bbox 1060 3233 1158 3282; x_wconf 83' lang='lat' dir='ltr'><strong><em>Attalus</em></strong></span> <span class='ocrx_word' id='word_1_383' title='bbox 1174 3232 1298 3283; x_wconf 77' lang='lat' dir='ltr'><strong><em>denaridm</em></strong></span> 
     </span>
     <span class='ocr_line' id='line_1_36' title="bbox 173 3317 1400 3382; baseline -0.002 -14"><span class='ocrx_word' id='word_1_384' title='bbox 173 3335 216 3368; x_wconf 83' lang='lat' dir='ltr'><strong><em>seu</em></strong></span> <span class='ocrx_word' id='word_1_385' title='bbox 229 3317 325 3369; x_wconf 81' lang='lat' dir='ltr'><strong><em>millium</em></strong></span> <span class='ocrx_word' id='word_1_386' title='bbox 344 3318 409 3382; x_wconf 84' lang='lat' dir='ltr'><strong><em>(sive</em></strong></span> <span class='ocrx_word' id='word_1_387' title='bbox 426 3322 501 3371; x_wconf 88' lang='lat' dir='ltr'><strong><em>malis</em></strong></span> <span class='ocrx_word' id='word_1_388' title='bbox 518 3328 676 3369; x_wconf 76' lang='lat' dir='ltr'><strong><em>sescentorum</em></strong></span> <span class='ocrx_word' id='word_1_389' title='bbox 694 3318 802 3382; x_wconf 79' lang='lat' dir='ltr'><strong><em>millium)</em></strong></span> <span class='ocrx_word' id='word_1_390' title='bbox 820 3319 912 3368; x_wconf 85' lang='lat' dir='ltr'><strong><em>emisset</em></strong></span> <span class='ocrx_word' id='word_1_391' title='bbox 930 3317 1033 3368; x_wconf 86' lang='lat' dir='ltr'><strong><em>tabulam</em></strong></span> <span class='ocrx_word' id='word_1_392' title='bbox 1046 3317 1171 3367; x_wconf 84' lang='lat' dir='ltr'><strong><em>Aristidue</em></strong></span> <span class='ocrx_word' id='word_1_393' title='bbox 1183 3317 1298 3366; x_wconf 86' lang='lat' dir='ltr'><strong><em>Liberum</em></strong></span> <span class='ocrx_word' id='word_1_394' title='bbox 1388 3339 1400 3346; x_wconf 93' lang='lat'><strong><em>··</em></strong></span> 
     </span>
     <span class='ocr_line' id='line_1_37' title="bbox 173 3402 1280 3468; baseline -0.002 -14"><span class='ocrx_word' id='word_1_395' title='bbox 173 3404 274 3455; x_wconf 83' lang='lat' dir='ltr'><strong><em>Putrem</em></strong></span> <span class='ocrx_word' id='word_1_396' title='bbox 282 3404 368 3468; x_wconf 86' lang='lat' dir='ltr'><strong><em>pretio,</em></strong></span> <span class='ocrx_word' id='word_1_397' title='bbox 380 3404 481 3454; x_wconf 89' lang='lat' dir='ltr'><strong><em>miratus</em></strong></span> <span class='ocrx_word' id='word_1_398' title='bbox 492 3404 670 3468; x_wconf 83' lang='lat' dir='ltr'><strong><em>suspicatusque</em></strong></span> <span class='ocrx_word' id='word_1_399' title='bbox 682 3402 777 3466; x_wconf 84' lang='lat' dir='ltr'><strong><em>aliquid</em></strong></span> <span class='ocrx_word' id='word_1_400' title='bbox 787 3404 811 3452; x_wconf 87' lang='lat' dir='ltr'><strong><em>in</em></strong></span> <span class='ocrx_word' id='word_1_401' title='bbox 824 3421 852 3454; x_wconf 89' lang='lat' dir='ltr'><strong><em>ea</em></strong></span> <span class='ocrx_word' id='word_1_402' title='bbox 865 3404 965 3463; x_wconf 80' lang='lat' dir='ltr'><strong><em>virtutis,</em></strong></span> <span class='ocrx_word' id='word_1_403' title='bbox 978 3402 1042 3467; x_wconf 80' lang='lat' dir='ltr'><strong><em>quod</em></strong></span> <span class='ocrx_word' id='word_1_404' title='bbox 1053 3404 1102 3468; x_wconf 85' lang='lat' dir='ltr'><strong><em>ipse</em></strong></span> <span class='ocrx_word' id='word_1_405' title='bbox 1114 3403 1220 3464; x_wconf 85' lang='lat' dir='ltr'><strong><em>nesciret,</em></strong></span> <span class='ocrx_word' id='word_1_406' title='bbox 1233 3413 1280 3454; x_wconf 88' lang='lat' dir='ltr'><strong><em>etc.</em></strong></span> 
     </span>
    </p>

    <p class='ocr_par' dir='ltr' id='par_1_6' title="bbox 174 3486 1297 3624">
     <span class='ocr_line' id='line_1_38' title="bbox 210 3486 1297 3552; baseline -0.003 -12"><span class='ocrx_word' id='word_1_407' title='bbox 210 3486 247 3552; x_wconf 84' lang='grc'><strong><em>[8,</em></strong></span> <span class='ocrx_word' id='word_1_408' title='bbox 260 3487 305 3552; x_wconf 69' lang='lat' dir='ltr'><strong><em>bb]</em></strong></span> <span class='ocrx_word' id='word_1_409' title='bbox 334 3488 425 3548; x_wconf 80' lang='lat' dir='ltr'><strong><em>Quanti</em></strong></span> <span class='ocrx_word' id='word_1_410' title='bbox 442 3505 492 3538; x_wconf 87' lang='lat' dir='ltr'><strong><em>eum</em></strong></span> <span class='ocrx_word' id='word_1_411' title='bbox 510 3487 668 3551; x_wconf 66' lang='lat' dir='ltr'><strong><em>annumeret]</em></strong></span> <span class='ocrx_word' id='word_1_412' title='bbox 695 3490 770 3540; x_wconf 87' lang='lat' dir='ltr'><strong><em>Voss.</em></strong></span> <span class='ocrx_word' id='word_1_413' title='bbox 789 3489 932 3538; x_wconf 86' lang='lat' dir='ltr'><strong><em>aestimaret.</em></strong></span> <span class='ocrx_word' id='word_1_414' title='bbox 959 3490 1038 3539; x_wconf 87' lang='lat' dir='ltr'><strong><em>Recte</em></strong></span> <span class='ocrx_word' id='word_1_415' title='bbox 1056 3490 1173 3549; x_wconf 86' lang='lat' dir='ltr'><strong><em>omnino,</em></strong></span> <span class='ocrx_word' id='word_1_416' title='bbox 1191 3496 1297 3539; x_wconf 85' lang='lat' dir='ltr'><strong><em>taxaret.</em></strong></span> 
     </span>
     <span class='ocr_line' id='line_1_39' title="bbox 174 3558 512 3624; baseline -0.003 -1"><span class='ocrx_word' id='word_1_417' title='bbox 174 3574 242 3624; x_wconf 83' lang='lat' dir='ltr'><strong><em>Tres</em></strong></span> <span class='ocrx_word' id='word_1_418' title='bbox 253 3574 316 3623; x_wconf 88' lang='lat' dir='ltr'><strong><em>item</em></strong></span> <span class='ocrx_word' id='word_1_419' title='bbox 329 3573 372 3624; x_wconf 87' lang='lat' dir='ltr'><strong><em>alii</em></strong></span> <span class='ocrx_word' id='word_1_420' title='bbox 385 3558 512 3624; x_wconf 85' lang='lat' dir='ltr'><strong><em>estimaret.</em></strong></span> 
     </span>
    </p>

    <p class='ocr_par' dir='ltr' id='par_1_7' title="bbox 173 3653 1298 3892">
     <span class='ocr_line' id='line_1_40' title="bbox 210 3653 1297 3723; baseline 0.001 -17"><span class='ocrx_word' id='word_1_421' title='bbox 210 3653 246 3718; x_wconf 83' lang='grc'><strong><em>[9,</em></strong></span> <span class='ocrx_word' id='word_1_422' title='bbox 260 3654 305 3718; x_wconf 78' lang='lat'><strong><em>26]</em></strong></span> <span class='ocrx_word' id='word_1_423' title='bbox 329 3657 354 3706; x_wconf 81' lang='lat' dir='ltr'><strong><em>A</em></strong></span> <span class='ocrx_word' id='word_1_424' title='bbox 370 3655 489 3722; x_wconf 73' lang='lat' dir='ltr'><strong><em>Cyzicenis</em></strong></span> <span class='ocrx_word' id='word_1_425' title='bbox 504 3658 579 3709; x_wconf 86' lang='lat' dir='ltr'><strong><em>H-S.</em></strong></span> <span class='ocrx_word' id='word_1_426' title='bbox 597 3656 660 3708; x_wconf 91' lang='lat' dir='ltr'><strong><em>XII</em></strong></span> <span class='ocrx_word' id='word_1_427' title='bbox 673 3657 721 3720; x_wconf 92' lang='lat' dir='ltr'><strong><em>M]</em></strong></span> <span class='ocrx_word' id='word_1_428' title='bbox 746 3660 821 3710; x_wconf 88' lang='lat' dir='ltr'><strong><em>Voss.</em></strong></span> <span class='ocrx_word' id='word_1_429' title='bbox 833 3675 850 3707; x_wconf 86' lang='lat' dir='ltr'><strong><em>a</em></strong></span> <span class='ocrx_word' id='word_1_430' title='bbox 865 3656 1027 3723; x_wconf 80' lang='lat' dir='ltr'><strong><em>CyzicenisX</em></strong></span> <span class='ocrx_word' id='word_1_431' title='bbox 1036 3673 1082 3718; x_wconf 73' lang='grc' dir='ltr'><strong><em>ιη,</em></strong></span> <span class='ocrx_word' id='word_1_432' title='bbox 1100 3661 1150 3707; x_wconf 91' lang='lat' dir='ltr'><strong><em>hoc</em></strong></span> <span class='ocrx_word' id='word_1_433' title='bbox 1162 3668 1208 3720; x_wconf 90' lang='lat' dir='ltr'><strong><em>est,</em></strong></span> <span class='ocrx_word' id='word_1_434' title='bbox 1222 3661 1297 3708; x_wconf 86' lang='lat' dir='ltr'><strong><em>dena-</em></strong></span> 
     </span>
     <span class='ocr_line' id='line_1_41' title="bbox 173 3741 1298 3807; baseline 0.004 -18"><span class='ocrx_word' id='word_1_435' title='bbox 173 3741 240 3790; x_wconf 80' lang='lat' dir='ltr'><strong><em>num</em></strong></span> <span class='ocrx_word' id='word_1_436' title='bbox 252 3742 331 3792; x_wconf 85' lang='lat' dir='ltr'><strong><em>tribus</em></strong></span> <span class='ocrx_word' id='word_1_437' title='bbox 348 3744 469 3805; x_wconf 90' lang='lat' dir='ltr'><strong><em>millibus,</em></strong></span> <span class='ocrx_word' id='word_1_438' title='bbox 492 3745 560 3807; x_wconf 88' lang='lat' dir='ltr'><strong><em>quod</em></strong></span> <span class='ocrx_word' id='word_1_439' title='bbox 576 3751 602 3792; x_wconf 90' lang='lat' dir='ltr'><strong><em>et</em></strong></span> <span class='ocrx_word' id='word_1_440' title='bbox 614 3743 781 3794; x_wconf 83' lang='lat' dir='ltr'><strong><em>Gbifletianus</em></strong></span> <span class='ocrx_word' id='word_1_441' title='bbox 798 3744 890 3794; x_wconf 85' lang='lat' dir='ltr'><strong><em>firmat.</em></strong></span> <span class='ocrx_word' id='word_1_442' title='bbox 913 3758 972 3792; x_wconf 89' lang='lat' dir='ltr'><strong><em>nam</em></strong></span> <span class='ocrx_word' id='word_1_443' title='bbox 990 3744 1071 3792; x_wconf 85' lang='lat' dir='ltr'><strong><em>Acad.</em></strong></span> <span class='ocrx_word' id='word_1_444' title='bbox 1089 3742 1168 3793; x_wconf 90' lang='lat' dir='ltr'><strong><em>XIII</em></strong></span> <span class='ocrx_word' id='word_1_445' title='bbox 1179 3743 1252 3805; x_wconf 81' lang='lat' dir='ltr'><strong><em>libris,</em></strong></span> <span class='ocrx_word' id='word_1_446' title='bbox 1269 3754 1298 3793; x_wconf 91' lang='lat' dir='ltr'><strong><em>ut</em></strong></span> 
     </span>
     <span class='ocr_line' id='line_1_42' title="bbox 173 3824 538 3892; baseline 0.011 -18"><span class='ocrx_word' id='word_1_447' title='bbox 173 3832 201 3875; x_wconf 86' lang='lat' dir='ltr'><strong><em>et</em></strong></span> <span class='ocrx_word' id='word_1_448' title='bbox 212 3824 346 3877; x_wconf 82' lang='lat' dir='ltr'><strong><em>Gudianus</em></strong></span> <span class='ocrx_word' id='word_1_449' title='bbox 358 3837 384 3878; x_wconf 92' lang='lat' dir='ltr'><strong><em>et</em></strong></span> <span class='ocrx_word' id='word_1_450' title='bbox 394 3829 538 3892; x_wconf 88' lang='lat' dir='ltr'><strong><em>Menapius.</em></strong></span> 
     </span>
    </p>

    <p class='ocr_par' dir='ltr' id='par_1_8' title="bbox 173 3910 1297 4061">
     <span class='ocr_line' id='line_1_43' title="bbox 210 3910 1297 3977; baseline 0 -16"><span class='ocrx_word' id='word_1_451' title='bbox 210 3911 275 3961; x_wconf 73' lang='lat' dir='ltr'><strong><em>Otr.</em></strong></span> <span class='ocrx_word' id='word_1_452' title='bbox 288 3912 336 3961; x_wconf 91' lang='lat' dir='ltr'><strong><em>VI.</em></strong></span> <span class='ocrx_word' id='word_1_453' title='bbox 355 3911 409 3975; x_wconf 71' lang='lat' dir='ltr'><strong><em>[la</em></strong></span> <span class='ocrx_word' id='word_1_454' title='bbox 422 3910 467 3974; x_wconf 81' lang='lat'><strong><em>81]</em></strong></span> <span class='ocrx_word' id='word_1_455' title='bbox 494 3913 602 3962; x_wconf 88' lang='lat' dir='ltr'><strong><em>Pretium</em></strong></span> <span class='ocrx_word' id='word_1_456' title='bbox 620 3912 721 3977; x_wconf 89' lang='lat' dir='ltr'><strong><em>optimae</em></strong></span> <span class='ocrx_word' id='word_1_457' title='bbox 738 3914 762 3961; x_wconf 88' lang='lat' dir='ltr'><strong><em>in</em></strong></span> <span class='ocrx_word' id='word_1_458' title='bbox 780 3912 853 3962; x_wconf 88' lang='lat' dir='ltr'><strong><em>libras</em></strong></span> <span class='ocrx_word' id='word_1_459' title='bbox 870 3910 948 3963; x_wconf 90' lang='lat' dir='ltr'><strong><em>XIII</em></strong></span> <span class='ocrx_word' id='word_1_460' title='bbox 964 3911 1070 3975; x_wconf 77' lang='lat' dir='ltr'><strong><em>denarie]</em></strong></span> <span class='ocrx_word' id='word_1_461' title='bbox 1098 3914 1173 3964; x_wconf 87' lang='lat' dir='ltr'><strong><em>Voss.</em></strong></span> <span class='ocrx_word' id='word_1_462' title='bbox 1191 3913 1297 3963; x_wconf 83' lang='lat' dir='ltr'><strong><em>Pretium</em></strong></span> 
     </span>
     <span class='ocr_line' id='line_1_44' title="bbox 173 3995 1244 4061; baseline 0.006 -19"><span class='ocrx_word' id='word_1_463' title='bbox 173 3995 278 4058; x_wconf 86' lang='lat' dir='ltr'><strong><em>optimae</em></strong></span> <span class='ocrx_word' id='word_1_464' title='bbox 294 3997 327 4047; x_wconf 91' lang='lat' dir='ltr'><strong><em>X</em></strong></span> <span class='ocrx_word' id='word_1_465' title='bbox 334 4010 363 4058; x_wconf 80' lang='lat' dir='ltr'><strong><em>lt,</em></strong></span> <span class='ocrx_word' id='word_1_466' title='bbox 378 3998 428 4046; x_wconf 86' lang='lat' dir='ltr'><strong><em>hoc</em></strong></span> <span class='ocrx_word' id='word_1_467' title='bbox 441 4005 487 4058; x_wconf 86' lang='lat' dir='ltr'><strong><em>est,</em></strong></span> <span class='ocrx_word' id='word_1_468' title='bbox 500 3998 595 4048; x_wconf 88' lang='lat' dir='ltr'><strong><em>denarii</em></strong></span> <span class='ocrx_word' id='word_1_469' title='bbox 608 3999 666 4047; x_wconf 88' lang='lat' dir='ltr'><strong><em>dno.</em></strong></span> <span class='ocrx_word' id='word_1_470' title='bbox 685 3997 752 4049; x_wconf 78' lang='lat' dir='ltr'><strong><em>Gud.</em></strong></span> <span class='ocrx_word' id='word_1_471' title='bbox 765 3999 834 4048; x_wconf 90' lang='lat' dir='ltr'><strong><em>Men.</em></strong></span> <span class='ocrx_word' id='word_1_472' title='bbox 847 4000 928 4048; x_wconf 89' lang='lat' dir='ltr'><strong><em>Acud.</em></strong></span> <span class='ocrx_word' id='word_1_473' title='bbox 938 3996 1040 4061; x_wconf 87' lang='lat' dir='ltr'><strong><em>pretium</em></strong></span> <span class='ocrx_word' id='word_1_474' title='bbox 1053 3997 1138 4061; x_wconf 85' lang='lat' dir='ltr'><strong><em>optime</em></strong></span> <span class='ocrx_word' id='word_1_475' title='bbox 1150 3998 1214 4049; x_wconf 90' lang='lat' dir='ltr'><strong><em>XII</em></strong></span> <span class='ocrx_word' id='word_1_476' title='bbox 1221 3999 1244 4048; x_wconf 86' lang='lat' dir='ltr'><strong><em>d.</em></strong></span> 
     </span>
    </p>

    <p class='ocr_par' dir='ltr' id='par_1_9' title="bbox 173 4077 1299 4316">
     <span class='ocr_line' id='line_1_45' title="bbox 211 4077 1298 4146; baseline 0.003 -16"><span class='ocrx_word' id='word_1_477' title='bbox 211 4077 265 4140; x_wconf 74' lang='lat' dir='ltr'><strong><em>[la</em></strong></span> <span class='ocrx_word' id='word_1_478' title='bbox 283 4078 328 4142; x_wconf 82' lang='lat'><strong><em>36]</em></strong></span> <span class='ocrx_word' id='word_1_479' title='bbox 356 4081 464 4130; x_wconf 72' lang='lat' dir='ltr'><strong><em>Pretium</em></strong></span> <span class='ocrx_word' id='word_1_480' title='bbox 482 4081 568 4144; x_wconf 87' lang='lat' dir='ltr'><strong><em>optimo</em></strong></span> <span class='ocrx_word' id='word_1_481' title='bbox 584 4081 609 4129; x_wconf 89' lang='lat' dir='ltr'><strong><em>in</em></strong></span> <span class='ocrx_word' id='word_1_482' title='bbox 626 4080 706 4144; x_wconf 90' lang='lat' dir='ltr'><strong><em>pondo</em></strong></span> <span class='ocrx_word' id='word_1_483' title='bbox 726 4098 768 4130; x_wconf 80' lang='lat' dir='ltr'><strong><em>sex</em></strong></span> <span class='ocrx_word' id='word_1_484' title='bbox 784 4081 829 4144; x_wconf 87' lang='lat' dir='ltr'><strong><em>X]</em></strong></span> <span class='ocrx_word' id='word_1_485' title='bbox 858 4082 922 4143; x_wconf 87' lang='lat' dir='ltr'><strong><em>Quis</em></strong></span> <span class='ocrx_word' id='word_1_486' title='bbox 942 4082 1038 4142; x_wconf 85' lang='lat' dir='ltr'><strong><em>fecerit,</em></strong></span> <span class='ocrx_word' id='word_1_487' title='bbox 1056 4096 1163 4146; x_wconf 87' lang='lat' dir='ltr'><strong><em>quaero:</em></strong></span> <span class='ocrx_word' id='word_1_488' title='bbox 1186 4085 1298 4133; x_wconf 87' lang='lat' dir='ltr'><strong><em>sednon</em></strong></span> 
     </span>
     <span class='ocr_line' id='line_1_46' title="bbox 173 4164 1299 4230; baseline 0.005 -17"><span class='ocrx_word' id='word_1_489' title='bbox 173 4164 321 4226; x_wconf 80' lang='lat' dir='ltr'><strong><em>malefecit,</em></strong></span> <span class='ocrx_word' id='word_1_490' title='bbox 334 4164 355 4215; x_wconf 89' lang='lat' dir='ltr'><strong><em>si</em></strong></span> <span class='ocrx_word' id='word_1_491' title='bbox 367 4167 432 4216; x_wconf 89' lang='lat' dir='ltr'><strong><em>beno</em></strong></span> <span class='ocrx_word' id='word_1_492' title='bbox 444 4166 606 4230; x_wconf 82' lang='lat' dir='ltr'><strong><em>intelligutur.</em></strong></span> <span class='ocrx_word' id='word_1_493' title='bbox 628 4168 694 4217; x_wconf 87' lang='lat' dir='ltr'><strong><em>Nam</em></strong></span> <span class='ocrx_word' id='word_1_494' title='bbox 706 4168 823 4218; x_wconf 83' lang='lat' dir='ltr'><strong><em>Andreas</em></strong></span> <span class='ocrx_word' id='word_1_495' title='bbox 840 4171 943 4219; x_wconf 86' lang='lat' dir='ltr'><strong><em>dederat</em></strong></span> <span class='ocrx_word' id='word_1_496' title='bbox 954 4183 996 4216; x_wconf 83' lang='lat' dir='ltr'><strong><em>sca</em></strong></span> <span class='ocrx_word' id='word_1_497' title='bbox 1007 4166 1133 4217; x_wconf 78' lang='lat' dir='ltr'><strong><em>labrarum:</em></strong></span> <span class='ocrx_word' id='word_1_498' title='bbox 1152 4175 1180 4217; x_wconf 89' lang='lat' dir='ltr'><strong><em>ut</em></strong></span> <span class='ocrx_word' id='word_1_499' title='bbox 1191 4169 1299 4218; x_wconf 82' lang='lat' dir='ltr'><strong><em>advocat</em></strong></span> 
     </span>
     <span class='ocr_line' id='line_1_47' title="bbox 173 4248 1297 4316; baseline 0.005 -19"><span class='ocrx_word' id='word_1_500' title='bbox 173 4248 297 4299; x_wconf 84' lang='lat' dir='ltr'><strong><em>Budaeus</em></strong></span> <span class='ocrx_word' id='word_1_501' title='bbox 313 4250 357 4299; x_wconf 92' lang='lat' dir='ltr'><strong><em>lib.</em></strong></span> <span class='ocrx_word' id='word_1_502' title='bbox 370 4257 393 4299; x_wconf 79' lang='grc'><strong><em>3.</em></strong></span> <span class='ocrx_word' id='word_1_503' title='bbox 411 4254 513 4301; x_wconf 82' lang='lat' dir='ltr'><strong><em>deesse</em></strong></span> <span class='ocrx_word' id='word_1_504' title='bbox 531 4259 668 4313; x_wconf 87' lang='lat' dir='ltr'><strong><em>monetque</em></strong></span> <span class='ocrx_word' id='word_1_505' title='bbox 684 4252 710 4300; x_wconf 92' lang='lat' dir='ltr'><strong><em>in</em></strong></span> <span class='ocrx_word' id='word_1_506' title='bbox 723 4253 785 4301; x_wconf 88' lang='lat' dir='ltr'><strong><em>Mes.</em></strong></span> <span class='ocrx_word' id='word_1_507' title='bbox 799 4266 852 4302; x_wconf 85' lang='lat' dir='ltr'><strong><em>esse</em></strong></span> <span class='ocrx_word' id='word_1_508' title='bbox 870 4253 893 4300; x_wconf 86' lang='lat' dir='ltr'><strong><em>in</em></strong></span> <span class='ocrx_word' id='word_1_509' title='bbox 909 4251 988 4316; x_wconf 81' lang='lat' dir='ltr'><strong><em>pondo</em></strong></span> <span class='ocrx_word' id='word_1_510' title='bbox 1002 4250 1070 4303; x_wconf 79' lang='lat' dir='ltr'><strong><em>CXI</em></strong></span> <span class='ocrx_word' id='word_1_511' title='bbox 1082 4251 1188 4302; x_wconf 86' lang='lat' dir='ltr'><strong><em>denarii:</em></strong></span> <span class='ocrx_word' id='word_1_512' title='bbox 1207 4255 1232 4302; x_wconf 92' lang='lat' dir='ltr'><strong><em>in</em></strong></span> <span class='ocrx_word' id='word_1_513' title='bbox 1245 4271 1297 4303; x_wconf 92' lang='lat' dir='ltr'><strong><em>uno</em></strong></span> 
     </span>
    </p>
   </div>
   <div class='ocr_carea' id='block_1_3' title="bbox 0 0 1473 4794">
    <p class='ocr_par' dir='ltr' id='par_1_10' title="bbox 0 0 1473 4794">
     <span class='ocr_line' id='line_1_48' title="bbox 0 0 1473 4794; baseline 0 0"><span class='ocrx_word' id='word_1_514' title='bbox 0 0 1473 4794; x_wconf 95' lang='lat' dir='ltr'><strong><em> </em></strong></span> 
     </span>
    </p>
   </div>
  </div>
 </body>
</html>
