2918 4794
596 304 842 348 ΡΙθΙιΙθθΙΙΙΔ.
1234 305 1290 346 m

163 475 289 531 manus,
311 468 349 518 ιιι
368 477 463 519 curas
488 454 659 532 secundas,
680 476 763 537 quas
778 453 916 540 scriptor
929 470 1061 518 eramo
1080 476 1101 516 a
1122 475 1159 518 se
1180 475 1290 518 exem·

164 562 246 648 plari
266 562 424 641 adhibuit,
444 586 466 629 a
485 565 651 652 primitiva
668 564 853 652 scriptione,
883 576 920 628 ut
943 564 990 628 ita
1016 562 1172 640 dicamus,
1193 562 1290 649 plane

164 672 444 759 distingue-emus.

209 781 251 846 In
271 783 367 860 notis,
386 805 469 867 quas
490 785 593 849 textui
615 783 821 861 subiecimus,
840 785 957 850 iisdem
977 784 1029 848 usi
1051 806 1163 849 sumus
1186 783 1289 870 siglis,

164 892 285 976 quibus
301 892 398 980 Sittiq
418 916 499 958 usus
520 906 570 959 est
589 893 625 957 in
641 892 735 959 codd
747 916 825 958 mss.
840 905 874 958 et
886 892 1081 959 editionibus
1102 891 1289 978 significan-

165 1001 227 1067 dis.
256 1000 342 1068 Cum
362 1003 397 1067 in
417 1003 505 1070 hisee
526 1003 762 1091 prolegomenis
783 1003 826 1068 de
853 1002 962 1088 siglis,
991 1003 1138 1088 lapsibus
1164 1004 1289 1081 calami,

165 1112 328 1177 erroribus
347 1112 511 1197 antiquari
532 1136 591 1201 pro
612 1113 726 1178 consili
745 1112 871 1178 ratione
895 1111 1029 1177 uberius
1053 1113 1225 1199 egerimus,
1246 1112 1289 1177 de

164 1220 216 1285 bis
239 1222 339 1288 rebus
366 1223 401 1286 in
427 1222 515 1288 notis
533 1223 662 1309 parcius
688 1222 811 1287 dictum
839 1237 906 1301 θοις
932 1223 1040 1308 itaque
1069 1244 1167 1309 saepe
1192 1222 1290 1288 verbo

167 1333 270 1397 solum
300 1333 499 1411 monuimus,
529 1355 614 1417 qnae
645 1333 863 1419 discrepantia
888 1332 1067 1397 intercedat
1091 1332 1177 1398 inter
1203 1334 1290 1398 hunc

164 1443 411 1529 palimpsestnm
423 1458 455 1510 et
468 1445 553 1509 inter
566 1443 739 1509 editionem
753 1439 966 1528 Silligianam.
987 1441 1114 1508 Eadem
1135 1466 1177 1508 ex
1191 1464 1289 1508 eausa

166 1552 291 1618 silentio
316 1555 593 1641 praetermisimus
620 1553 778 1619 eiusmodi
799 1545 1000 1629 varietatem,
1025 1553 1082 1618 ubi
1106 1553 1202 1640 sittip
1230 1576 1289 1618 an-

165 1663 318 1747 tiquiores
348 1664 492 1729 restituit
521 1664 651 1742 formas,
685 1686 714 1729 e.
746 1689 780 1752 g.
813 1664 1047 1750 superlativum
1077 1665 1112 1729 in
1140 1690 1289 1731 „amaa

164 1773 313 1837 Aliorum
334 1774 481 1838 codicum
501 1773 723 1838 Plinianorum
742 1773 894 1839 lectiones
914 1773 1107 1853 adiecimus,
1138 1774 1194 1839 ubi
1216 1798 1291 1840 cum

165 1882 374 1969 palimpsesto
400 1884 623 1960 consentiunt,
656 1895 693 1947 ut
719 1882 777 1961 iis,
812 1883 868 1966 qui
902 1883 1046 1948 conferre
1080 1885 1196 1962 velint,
1229 1908 1289 1970 pa-

166 2005 242 2070 teat,
270 1993 431 2077 quomodo
451 1994 537 2058 inter
558 2014 592 2057 se
613 1992 813 2057 cohaereant.
851 1989 935 2056 Sunt
956 2010 987 2057 et
1013 1994 1165 2058 nonnulla
1192 2017 1288 2057 voca-

168 2100 253 2180 bula,
275 2124 359 2187 quae
381 2104 414 2167 in
436 2104 646 2189 palimpsesto
667 2102 833 2189 legtmtur,
854 2124 1048 2187 quamquam
1069 2104 1181 2167 eadem
1203 2104 1290 2190 apud

168 2212 383 2277 Forcellinum
404 2213 523 2276 frustra
544 2224 757 2295 quaerantur3
779 2213 839 2276 has
860 2236 960 2277 novas
981 2212 1159 2278 lexioorum
1180 2236 1289 2278 acces-

69 2366 72 2371 ·
167 2321 273 2387 siones
294 2323 483 2407 plerumque
504 2321 726 2386 indicavimus.
752 2321 971 2407 Reperiuntur
985 2323 1113 2385 tandem
1128 2322 1290 2400 lectiones,

167 2453 338 2514 quaecum
361 2430 528 2495 tralaticiis
545 2430 686 2496 virorum
708 2431 876 2496 doctorum
897 2432 1103 2517 opinionibus
1124 2448 1289 2518 pugnant3

165 2539 225 2605 bas
240 2541 310 2606 inre
325 2542 397 2605 aliis
412 2540 634 2605 diiudicandae
648 2541 849 2624 reliquimus.
873 2540 1050 2620 Postremo,
1062 2555 1098 2606 ut
1109 2565 1213 2626 neque
1228 2543 1288 2608 hoc

166 2650 361 2728 omittamus,
377 2652 417 2715 de
430 2651 688 2736 interpunctione
703 2647 881 2739 Silligiana,
896 2649 954 2716 ubi
969 2676 988 2714 a
1002 2652 1208 2738 palimpsesto
1222 2653 1289 2717 dif-

166 2760 246 2838 fert,
273 2784 347 2825 raro
374 2762 571 2837 monuimus,
601 2783 675 2826 cum
699 2761 799 2826 lector
826 2784 897 2826 eam
919 2762 1168 2848 discrepantiam
1192 2763 1288 2828 facile

167 2871 421 2935 animadvertere
441 2871 556 2957 possit.

208 2979 301 3044 Haec
313 2980 382 3045 fere
397 2995 482 3058 sunt,
504 3003 587 3064 quae
601 2980 677 3045 huic
690 2981 772 3045 libro
787 2982 961 3065 praefanda
975 2981 1136 3045 duximus.
1160 2981 1288 3062 Quodsi

167 3089 338 3155 lectoribus
365 3089 539 3175 disputatio
565 3101 675 3153 nostra
701 3092 798 3175 paulo
818 3090 946 3174 longius
968 3104 1122 3174 provecta
1143 3092 1290 3157 videatur

168 3220 251 3276 esse,
265 3199 421 3264 benevole
434 3198 519 3263 hune
534 3221 674 3263 errorem
687 3212 842 3275 nostrum,
858 3200 886 3262 si
901 3200 957 3282 qui
972 3213 1030 3278 est,
1047 3213 1201 3266 excusent
1215 3224 1288 3266 ora-

168 3331 249 3373 mus.
271 3307 427 3374 Nostrum
442 3308 528 3373 enim
541 3307 736 3373 credidimus
750 3308 791 3373 de
803 3308 863 3373 hoc
876 3310 1077 3375 venerandae
1088 3311 1289 3395 antiquitatis

167 3432 372 3484 monumento
392 3417 526 3483 uberius
549 3430 581 3484 et
601 3417 705 3483 firsius
727 3417 849 3495 dicere,
877 3420 1018 3503 nequid
1040 3420 1288 3499 desideraretur,

168 3527 255 3611 quod
276 3528 319 3592 ad
339 3526 440 3614 probe
462 3528 727 3614 cognoscendum
748 3541 780 3593 et
801 3541 886 3594 recte
909 3529 1151 3594 diiudicandum
1172 3530 1289 3614 palim-

168 3649 312 3722 psestum
332 3639 437 3703 faeere
458 3650 578 3724 posset.
603 3635 771 3723 Superest,
792 3652 828 3703 ut
850 3639 972 3724 gratias
993 3661 1128 3724 agamus
1149 3639 1289 3703 meritis-

170 3747 266 3812 simae
287 3747 366 3812 viris
387 3746 597 3823 doctissimis,
625 3769 760 3830 quorum
783 3748 938 3833 singulari
959 3771 1059 3834 opera
1080 3759 1113 3812 et
1132 3748 1289 3812 beneficio

170 3855 291 3922 factum
315 3867 374 3934 est,
397 3868 433 3920 ut
453 3855 532 3921 haec
553 3854 652 3920 editio
672 3856 706 3919 in
727 3856 831 3920 lucem
852 3857 997 3942 prodeat.
1020 3856 1166 3941 Namque
1182 3857 1288 3922 Erae-

170 3979 234 4030 rtus
256 3967 442 4031 Fridericur
465 3966 682 4042 Wastemann,
709 3966 869 4053 gymnasii
896 3967 1027 4032 illustris
1049 3965 1190 4032 Gotbani
1213 3989 1289 4052 pro·

94 4162 99 4168 Ι
170 4075 274 4141 sessor
297 4075 504 4153 clarissimus,
528 4086 560 4139 et
573 4075 623 4140 Io.
645 4073 717 4141 Otr.
732 4075 801 4140 Fel.
816 4075 937 4153 Baelo,
960 4076 1015 4160 qui
1030 4075 1289 4165 Heidelbergen·
