2918 4794
148 288 152 293 ’
171 260 211 322 52
661 285 804 325 enervem

213 429 253 492 [7,
275 430 320 492 35]
348 431 407 495 Spei
427 431 527 480 alicuius
548 431 696 494 audacioris]
727 436 835 484 Frustra
853 435 986 486 Pintianus
1010 439 1123 490 venditat
1143 439 1291 492 audaciores.

169 517 258 579 Neque
276 518 342 566 enim
358 519 465 567 emimus
483 520 523 567 vel
540 519 679 568 titivillitio.
706 518 768 582 Sper
785 518 901 568 audacior
918 529 964 582 est,
982 537 1046 584 qnae
1064 524 1162 574 Iustino
1179 542 1233 589 spes
1249 527 1292 576 im-

151 600 251 664 proba.
274 603 318 650 lib.
331 607 363 651 22
377 599 413 663 [7,
426 599 466 662 4];
484 601 527 664 qui
541 618 582 665 spe
598 601 707 665 improba
724 617 820 666 reqnum
840 603 909 652 totius
924 602 1028 667 Africae
1044 606 1174 671 amplexus.
1196 610 1241 659 lib.
1260 619 1292 662 29

170 683 206 746 [2,
220 683 261 746 2]:
273 685 394 748 imperium
407 700 448 748 spe
460 684 568 748 improba
581 686 651 735 totius
663 686 725 734 orbis
737 685 849 750 amplexi.

204 767 240 831 [7,
253 767 297 830 39]
316 768 369 818 Nos
380 769 404 818 si
413 769 471 818 baec
488 779 511 818 et
526 768 570 818 illa
581 769 704 818 dedamus
719 770 765 819 rite
774 769 847 833 fieri]
867 772 962 823 Omnes
974 775 1096 837 quinque:
1107 773 1159 823 Eos
1171 773 1230 824 laec
1241 792 1292 827 cre·

168 853 253 902 domm
265 855 309 902 rite
321 855 436 903 extranei.
464 848 502 903 Τὰ
514 855 543 915 si,
559 863 582 903 et
598 853 649 915 illa,
660 855 728 918 fieri,
744 870 877 918 nusquam.
901 857 999 906 Deinde
1016 859 1139 921 optimum
1154 877 1292 924 quanquam

168 937 221 987 illos
237 937 347 1003 reliqioue
365 946 491 989 mutuatur.
510 939 594 989 Locus
606 949 644 991 est
656 942 773 1002 egregius
786 947 810 990 et
822 941 914 1002 dignus
932 957 1007 1004 quem
1022 957 1195 1006 assequamur.
1215 945 1291 1006 Quod

167 1023 204 1071 sic
216 1023 355 1071 tentabam:
372 1020 419 1070 Eis
435 1022 493 1071 liaec
509 1021 639 1072 credamus.
657 1024 712 1072 item
729 1023 840 1072 extranei
855 1024 994 1085 interventu,
1011 1034 1053 1074 aut
1068 1027 1090 1074 si
1106 1025 1224 1077 dormiam
1239 1045 1292 1092 spe.

168 1114 242 1155 otetur
253 1106 335 1170 infans
351 1123 367 1154 a
379 1106 470 1155 nutrice
483 1115 550 1155 terna
562 1106 656 1170 adspui.
675 1123 810 1170 quanquam
829 1106 881 1156 illos
893 1106 1006 1172 reliqione
1023 1117 1113 1159 tutatur
1129 1120 1152 1160 et
1164 1111 1290 1174 Festinus,

169 1191 333 1253 imperatorum
351 1207 448 1253 quoque,
465 1206 510 1238 uon
527 1190 600 1240 solunt
618 1193 744 1256 iitsantium
760 1198 850 1240 custos:
866 1192 909 1254 qui
925 1190 982 1240 deus
994 1193 1055 1240 inter
1066 1210 1139 1242 sacra
1150 1193 1264 1244 Romana
1275 1213 1292 1245 a

175 1273 307 1323 Vestalibus
319 1272 416 1336 coliem,-
431 1283 453 1322 et
465 1291 547 1323 currus
560 1275 760 1338 triumphantium,
773 1276 815 1323 sul>
827 1274 863 1323 liis
872 1273 984 1338 pendens,
1001 1276 1107 1340 defendit
1118 1275 1219 1326 rnedicus
1229 1278 1291 1326 invi-

169 1357 238 1407 diae:
258 1359 364 1421 iubetque
381 1358 471 1406 eosdem
488 1359 602 1422 respicere
618 1359 702 1408 similis
717 1357 836 1407 medicina
852 1358 959 1422 linquae,
977 1368 1003 1408 ut
1018 1360 1051 1408 sit
1066 1369 1166 1410 exorata
1182 1363 1292 1411 Fortuna

167 1442 268 1506 qloriae,
287 1459 302 1489 a
321 1442 539 1506 terqocarmflcem.
563 1444 671 1492 Dixerat
688 1445 804 1507 superius
817 1440 853 1504 [7,
866 1441 924 1503 et]:
947 1441 1076 1492 Credamus
1087 1453 1177 1510 erqoet
1189 1444 1293 1496 lr'clenas

170 1525 301 1589 leprasque,
315 1538 360 1576 etc.
379 1528 447 1575 Huic
459 1529 604 1590 respondet,
616 1525 663 1574 Eis
672 1525 816 1588 (Marcioni,
828 1527 923 1590 Opilio,
933 1527 1039 1592 Salpae)
1052 1528 1110 1578 laec
1121 1528 1253 1590 aedanus,
1267 1537 1293 1579 et

169 1612 236 1674 quod
249 1612 369 1673 sequitur.
387 1608 446 1659 Illos
458 1619 520 1673 puta
531 1610 647 1670 infantes,
664 1626 729 1672 qnos
742 1613 890 1674 adspuendo
903 1620 974 1661 terna
986 1614 1061 1662 tutari
1073 1614 1162 1662 volunt
1173 1614 1292 1674 nutrices,

168 1693 279 1758 reliqione
297 1701 386 1742 tutatur
401 1695 561 1756 etFasciuus,
578 1695 649 1744 cuins
665 1696 764 1756 insigne
782 1696 922 1750 amuletum
940 1711 1090 1759 suspensum
1108 1711 1121 1744 e
1139 1697 1207 1746 collo
1219 1711 1292 1760 gere·

168 1779 237 1828 bant.
260 1777 372 1841 Iubetque
388 1777 477 1826 eosdem
496 1778 598 1841 recipere
610 1778 687 1827 etiam
700 1779 843 1828 Vossianus
860 1779 1035 1841 Iohannisque
1047 1780 1166 1829 Andreae
1183 1787 1210 1828 ct
1225 1781 1292 1830 hanc

168 1872 268 1913 secutae
284 1864 416 1912 editiones:
434 1866 478 1912 sed
494 1878 569 1925 quem
586 1878 688 1913 sensum
705 1878 792 1913 eorum
802 1865 903 1927 fingunt
914 1864 1048 1913 Turnebus
1065 1870 1090 1913 et
1101 1864 1292 1927 Delecampius‚

168 1949 240 2006 nulli,
258 1951 357 2012 opinor,
376 1964 438 1997 suno
451 1949 622 2012 probaverint:
640 1957 665 1996 et
677 1948 821 2010 frequenter
833 1949 896 1996 baec
909 1949 959 1996 duo
972 1950 1047 1997 verba
1060 1945 1203 1998 confudisse
1215 1949 1292 1998 libra·

168 2034 218 2082 rios
235 2034 430 2081 observavimus.
449 2033 572 2081 Fuscinas
590 2040 675 2080 autem
693 2033 739 2080 sub
753 2047 827 2081 curru
839 2033 952 2095 pendens
963 2033 1049 2080 iubere
1061 2033 1113 2080 sive
1124 2031 1227 2093 recipere
1239 2032 1292 2081 sive

168 2115 284 2178 respicere
300 2117 513 2178 quemadmodum
531 2124 615 2178 potest
633 2115 700 2164 eicit
718 2116 764 2176 Au,
772 2113 857 2171 similis
877 2115 987 2163 Fascius
1004 2112 1122 2162 medicina
1139 2112 1246 2177 linquae,
1265 2116 1293 2164 id

168 2208 213 2260 est,
226 2214 311 2248 servus
323 2199 447 2262 publicus,
464 2200 529 2247 alter
540 2199 651 2248 invidiae
664 2199 777 2248 medicus
789 2195 846 2261 (qui
857 2205 973 2261 portatur
984 2201 1071 2246 eodem
1085 2212 1167 2259 curru,
1184 2204 1210 2246 et
1222 2200 1292 2248 iden·

168 2284 246 2332 tidem
259 2285 333 2344 canit,
350 2282 451 2346 Respice
465 2290 519 2346 post
536 2280 578 2344 te),
597 2297 675 2344 quum
691 2283 785 2332 ibidem
805 2284 837 2332 sit
853 2278 946 2330 ratur
960 2290 984 2331 et
994 2277 1104 2342 μάστιξ,
1123 2282 1293 2332 instrumenta

168 2369 301 2428 carnificis,
318 2370 445 2431 quomodo
457 2369 543 2416 iubeat
555 2368 740 2430 triumphantes
752 2383 769 2414 a
781 2374 845 2429 terqo
857 2365 971 2429 respicere
983 2365 1124 2428 carnifioem,
1141 2365 1216 2415 facile
1228 2366 1292 2414 mihi

168 2468 257 2516 capere
274 2453 368 2500 videor.
395 2453 489 2500 Mirum
507 2459 605 2510 autem,
627 2452 653 2500 in
670 2458 780 2515 quatuor
796 2453 868 2501 codd.
887 2451 993 2499 eandem
1015 2451 1132 2499 lacunam
1153 2451 1292 2500 eoudneuti

167 2537 290 2601 scripture
307 2536 468 2585 dissimulari.
493 2536 535 2585 Sic
553 2536 620 2584 enim
638 2549 727 2584 omnes
744 2544 843 2598 praeter
855 2536 991 2598 optimum:
1009 2533 1052 2597 qui
1063 2533 1119 2582 deus
1131 2533 1191 2582 inter
1202 2548 1291 2596 saqora

107 2631 155 2676 800
168 2619 248 2669 eadem
260 2620 398 2684 striqmenta
410 2635 426 2667 a
438 2617 526 2666 balneis
539 2626 561 2665 et
571 2617 623 2665 ideo
636 2619 730 2666 mmcent
741 2618 915 2682 suppuratoriis
924 2626 971 2668 etc.
990 2620 1077 2667 Media
1090 2619 1189 2667 desunt.
1206 2617 1290 2666 Acce.

168 2707 228 2753 inter
239 2721 311 2752 sacra
323 2702 403 2751 eadem
415 2703 560 2765 striqmenta.
1259 2710 1292 2775 .

204 2787 239 2849 [9,
253 2785 298 2848 42]
318 2786 408 2835 Partus
420 2783 537 2832 accelerat
548 2784 648 2847 vicinos]
667 2787 744 2836 Voss.
755 2794 841 2850 partus
853 2786 940 2836 celerat
952 2785 1049 2835 hamos.
1068 2786 1112 2836 An
1123 2784 1261 2836 humentes?
1329 2838 1334 2842 ,

204 2869 260 2931 [10,
273 2868 317 2931 43]
340 2867 462 2918 Comitiali
477 2870 555 2917 morbo
572 2867 701 2932 lapsorum]
726 2873 767 2920 Ex
785 2871 886 2922 Chiflet.
904 2880 997 2920 notant
1013 2868 1076 2918 malo
1093 2885 1143 2918 cum
1162 2867 1290 2934 lapsorum.

168 2956 244 3003 Voss.
257 2953 426 3018 conlapsorurn.

204 3037 261 3100 [12,
274 3037 318 3100 te]
337 3037 416 3102 Atque
432 3039 466 3087 ita
482 3038 580 3103 inquina
598 3037 725 3103 alliqantes
742 3038 801 3088 licio.
820 3039 855 3088 Et
870 3036 973 3099 clauum]
998 3039 1073 3088 Voss.
1092 3037 1186 3101 inquiui
1200 3034 1291 3084 adalli-

167 3134 251 3188 qantes
267 3123 330 3173 liceo.
357 3125 446 3173 Ferte:
465 3122 543 3172 licium
556 3123 616 3171 telae
629 3123 759 3172 detractum
771 3123 898 3187 alliqantes
910 3123 1004 3171 novenis
1020 3121 1148 3184 septenisve
1164 3118 1241 3180 nolim,
1257 3117 1294 3167 ad

168 3208 272 3274 sinqulos
293 3209 439 3257 nominantes
459 3208 555 3256 viduam
577 3207 690 3270 aliquam,
711 3216 783 3271 atque
804 3208 839 3256 ita
861 3207 953 3271 inquisti
974 3204 1142 3272 adalliqantes.
1177 3204 1247 3254 Lo'eio
1269 3212 1294 3252 et

169 3294 259 3343 clauum
276 3293 382 3353 aliudve,
398 3292 462 3356 quod
478 3293 531 3356 quis
547 3292 686 3354 calcaverit,
705 3292 829 3357 alliqatum
842 3293 905 3356 ipsos
922 3293 998 3342 iubent
1012 3307 1106 3354 qerere,
1124 3307 1152 3338 nc
1168 3290 1200 3338 sit
1215 3288 1294 3338 dolori

169 3379 259 3429 vulnus.

205 3464 261 3526 [13,
282 3461 324 3524 52]
353 3460 474 3512 Ulceribus
491 3477 569 3509 senum
588 3460 772 3526 puerorumque]
795 3463 870 3511 Voss.
889 3476 980 3523 quoque
996 3475 1129 3522 rarumque.
1157 3459 1200 3507 An
1220 3473 1291 3520 puer-

167 3548 341 3612 perarumque?

204 3632 257 3696 [tq
272 3630 315 3694 56]
334 3632 404 3681 Mero
416 3639 471 3680 aute
482 3648 573 3680 soranos
590 3629 688 3679 colluere
700 3647 744 3678 ora
757 3639 855 3694 propter
872 3627 972 3690 balitus]
991 3630 1066 3677 Voss.
1082 3635 1180 3691 propter
1196 3624 1292 3676 nalitus.

170 3719 246 3779 Quod
262 3718 344 3767 Acad.
362 3725 387 3766 et
402 3719 536 3781 Menapius
557 3717 720 3766 reddiderunt
739 3724 836 3779 propter
856 3713 980 3762 anhelitus.
1009 3713 1070 3762 Non
1089 3713 1187 3761 videtur
1206 3719 1293 3760 tumen

169 3804 230 3852 sutis
242 3804 355 3862 rationis,
369 3817 445 3864 quare
457 3803 600 3852 discedatur
612 3817 627 3850 a
639 3803 752 3864 vulgato,
766 3803 835 3864 quod
846 3801 872 3848 in
884 3800 953 3849 And.
967 3806 1005 3847 est
1017 3805 1042 3846 et
1054 3796 1179 3846 Gudiano.

204 3889 268 3938 Car.
281 3890 314 3938 V.
324 3871 381 3949 lli,
396 3885 439 3948 56]
459 3886 528 3936 Sicut
544 3886 613 3935 totius
629 3885 735 3949 corporis
753 3883 885 3933 valetudini
900 3884 923 3931 in
939 3882 1055 3930 varietate
1067 3881 1141 3930 victus
1153 3879 1291 3942 observata]

169 3974 357 4037 Delecampius‚
375 3969 530 4020 valetudinem
548 3971 627 4019 iuuari
641 3970 732 4018 ratione
748 3970 822 4018 victus
839 3970 970 4030 observata,
987 3968 1065 4028 longe
1082 3981 1097 4015 a
1113 3974 1198 4015 mente
1215 3965 1293 4015 Plinii

170 4060 305 4118 digressus.
323 4058 404 4108 Acad.
418 4056 492 4106 victus
504 4064 526 4103 et
542 4057 673 4104 observata.
692 4055 802 4115 chiflet,
819 4063 870 4104 tres
882 4053 1003 4103 Vossiani
1016 4051 1209 4114 Gudianusque:
1226 4049 1291 4098 inob-
1336 4071 1339 4076 ·

170 4149 273 4188 servata.
302 4143 398 4192 Scribe:
420 4142 479 4189 sicut
496 4140 564 4188 totiris
581 4138 686 4202 corporis
708 4136 839 4187 ualetudini
857 4137 996 4186 varietatem
1017 4134 1090 4183 victus
1111 4133 1292 4182 inobservatam.

171 4225 369 4290 Intelligendum
390 4226 456 4276 enim
478 4241 511 4275 ex
531 4225 693 4288 praecedenti
714 4224 795 4287 capite
817 4220 911 4287 (neque
933 4221 999 4270 enim
1023 4234 1079 4269 eam
1103 4217 1292 4268 distinctionem
