2918 4794
167 279 207 341 32
659 301 800 345 enonom

167 434 263 502 instrui
275 460 390 515 poterant
408 452 569 515 quantumvis
581 453 662 512 nitidi,
676 464 750 514 emto,
764 463 791 503 ut
803 468 856 503 non
869 467 972 505 eausam
984 457 1198 520 aspersionibus
1209 460 1287 510 mnri-

167 538 258 599 legulis
270 539 365 586 darent.

202 620 237 682 [3,
251 619 279 682 4]
301 618 439 671 Consectari
458 635 503 667 tion
524 629 565 682 est,
586 636 627 669 nec
647 621 820 684 committemus,
841 631 866 671 ut
886 621 1028 672 subiicienda
1046 623 1155 688 utiliora]
1175 625 1287 676 Defuere

165 706 302 768 aliquando
322 706 348 753 in
368 705 450 765 editis,
470 714 499 753 ut
516 714 541 755 et
557 707 606 755 Ms.
627 708 764 767 nonnullis,
786 703 820 755 τὰ
837 723 882 756 non
900 715 945 756 est:
972 724 1040 758 nunc
1055 711 1168 760 immissa
1184 712 1287 774 quidem

165 798 236 850 sunt,
258 793 370 840 sednon
387 805 433 838 suo
450 790 516 838 loco.
544 790 687 842 Vossianus
704 792 782 840 enim:
809 790 866 841 Nou
882 799 917 840 est
933 808 994 840 nunc
1006 793 1151 856 propositum
1168 793 1217 842 ista
1232 810 1287 843 oon-

164 874 258 923 sectari.
281 876 349 924 Dein
365 876 427 924 Mss.
441 888 566 924 consensu
578 873 669 922 uilitate
680 890 727 939 pro
739 874 848 924 utilitate.
874 875 924 926 Sed
935 877 1046 939 quidest
1056 875 1169 926 utiliora?
1188 877 1285 930 Scribe:

164 957 307 1008 subiiciendo
325 959 418 1008 tutiora
437 959 524 1020 idest,
542 974 608 1022 quae
624 974 676 1009 non
693 967 764 1010 tanto
777 961 890 1023 periculo
903 968 1063 1022 quaeruntur.
1081 962 1183 1011 Partem
1195 963 1286 1013 borum

165 1043 228 1093 vidit
239 1051 265 1092 et
275 1044 416 1094 Pintiauus.
769 1099 772 1103 ,

201 1126 237 1190 [3,
252 1126 279 1189 5]
297 1126 396 1176 Interim
404 1128 498 1191 fortius
510 1135 611 1192 auqetur
622 1128 760 1191 auctoritas,
772 1145 834 1192 quae
846 1137 937 1192 quanta
949 1128 1072 1191 debeatur]
1091 1130 1135 1180 Ab
1145 1130 1286 1181 Hermolao

165 1220 204 1261 est
218 1210 336 1274 debeatur,
354 1226 413 1262 cnm
425 1221 492 1264 esset
504 1211 593 1262 debeat.
611 1213 722 1275 Utiliter,
735 1222 764 1263 ut
778 1215 879 1278 opinor:
897 1216 941 1264 sed
954 1215 1025 1265 sedet
1036 1215 1113 1264 etiam
1124 1229 1202 1276 grave
1213 1217 1286 1268 ulcus

165 1297 192 1345 in
208 1295 291 1346 fronte
306 1298 382 1346 huius
399 1297 510 1360 periodi:
532 1297 577 1346 ubi
592 1313 640 1361 pro
649 1297 743 1359 fortius
759 1306 850 1348 notant
862 1299 917 1349 aliis
929 1313 984 1350 esse
994 1298 1081 1362 ροίίιω,
1098 1300 1155 1349 aliis
1165 1299 1285 1363 partibus:

165 1383 233 1430 unde
255 1382 436 1444 Dalecampius
456 1381 526 1431 iubet
545 1383 596 1443 legi
614 1381 730 1444 portibus.
762 1384 911 1445 Pintianus‚
924 1383 1019 1447 fortius
1039 1385 1285 1448 apator-auctoritate.

167 1465 267 1515 chineo.
284 1473 309 1514 et
326 1469 376 1515 duo
395 1466 485 1528 quibus
502 1466 605 1525 utimur,
622 1474 651 1515 ut
663 1473 690 1515 et
701 1466 823 1528 Pintiani,
834 1467 930 1531 fortius
941 1475 1033 1532 aqetur.
1057 1467 1144 1519 Scribe
1156 1484 1214 1519 meo
1226 1484 1286 1519 eou-

166 1551 235 1600 silio:
252 1547 350 1597 Interim
359 1548 453 1612 fortius
469 1557 565 1612 aqetur:
588 1550 763 1612 auctoritasque
779 1559 869 1614 quanta
881 1549 993 1600 debeatur
1005 1554 1074 1601 etiam
1086 1551 1173 1614 surdis,
1190 1551 1233 1602 hoc
1244 1561 1286 1613 est,

166 1632 305 1699 iqnobilibus
321 1632 410 1693 herbis,
424 1631 592 1696 perhibebitur.
618 1634 765 1684 Instituerat
787 1635 893 1698 probare
908 1637 1007 1686 Plinius
1028 1651 1061 1686 ex
1077 1637 1170 1698 herbis,
1189 1637 1256 1687 nihil
1271 1655 1287 1688 a

165 1735 249 1772 rerum
265 1727 355 1769 natura
372 1719 426 1767 sine
443 1717 529 1780 aliqua
541 1718 678 1767 occultiore
689 1732 766 1767 cause
777 1719 855 1781 gigni.
874 1719 989 1768 Primum
1002 1719 1087 1770 fuerat
1100 1729 1288 1784 argumentum,

166 1807 239 1856 datas
259 1804 375 1868 gentibus
395 1803 544 1866 quibusdam
566 1805 597 1852 ed
618 1802 715 1852 formae
735 1804 856 1866 gratiam,
883 1803 989 1853 alterum
1011 1805 1082 1854 datas
1105 1807 1217 1856 vestibus
1237 1808 1286 1856 tiu-

165 1890 261 1954 gondis.
284 1890 343 1939 Huc
359 1889 467 1953 respicit,
486 1896 511 1937 et
526 1902 594 1936 nunc
612 1888 647 1937 ait
659 1902 686 1937 se
698 1896 813 1937 acturum
821 1887 923 1949 fortius,
939 1889 965 1939 id
977 1896 1023 1949 est,
1036 1891 1191 1951 argumentis
1203 1905 1287 1940 rerum

165 1976 247 2038 magis
262 1974 373 2023 virilium
390 1982 415 2022 et
431 1972 509 2022 fortes
526 1974 677 2022 decentium.
700 1988 759 2021 nam
775 1971 884 2021 formam
901 1973 996 2033 colere,
1015 1974 1111 2025 variare
1128 1976 1286 2036 vestimenta,

166 2061 254 2109 mollia
270 2060 461 2122 quodammodo
478 2064 503 2106 et
520 2056 691 2106 effoeminata.
715 2056 799 2116 Quale
815 2072 868 2106 non
879 2063 965 2120 potest
978 2059 1082 2118 censeri,
1099 2061 1168 2121 quod
1180 2061 1288 2109 sumitur

165 2146 198 2194 ab
214 2144 359 2192 auctoribus
376 2142 599 2204 conditoribusque
619 2141 718 2204 imperii
735 2143 858 2202 Romani,
885 2149 910 2190 et
926 2157 974 2190 usu
991 2143 1066 2191 etiam
1083 2144 1213 2192 surdarum
1231 2145 1288 2195 her·

168 2230 258 2277 barum
270 2234 295 2276 et
306 2228 389 2276 minus
402 2226 537 2275 celebrium
550 2227 576 2274 in
588 2226 674 2286 sacris,
685 2225 865 2287 legationibus,
877 2227 993 2289 praemiis
1005 2225 1111 2275 bellicae
1122 2226 1287 2280 torntudinis.

168 2315 224 2364 Lib.
239 2319 278 2362 19.
297 2313 427 2376 prooemio
447 2309 482 2372 [1,
496 2308 535 2371 2];
563 2308 629 2358 nullo
646 2309 759 2357 mentione
777 2308 859 2358 habita
878 2317 910 2358 tot
921 2325 998 2358 rerum
1010 2317 1091 2372 sponte
1103 2326 1189 2359 curave
1201 2329 1287 2376 mooe-

166 2398 284 2458 uienbum,
299 2395 441 2461 praesertim
457 2411 508 2444 cum
522 2392 641 2458 plerisque
657 2376 839 2457 earumspretio
850 2410 938 2457 usuque
955 2393 1027 2456 uitae,
1045 2394 1122 2443 maior
1133 2395 1204 2444 etiam
1216 2413 1287 2460 quam

164 2482 281 2547 fruqibus‚
299 2480 429 2530 auctoritas
437 2478 598 2543 perhibeatur.
618 2477 712 2529 Surdus
724 2480 760 2528 sic
772 2479 850 2528 habos
862 2480 906 2527 lib.
920 2483 960 2529 at.
973 2480 1031 2528 ult:
1049 2487 1159 2542 artesque
1169 2480 1288 2531 salutares

166 2566 264 2617 inseruit
275 2573 298 2614 et
309 2564 442 2625 uisceribus,
461 2563 547 2626 quippe
558 2579 609 2611 cum
621 2560 701 2610 surdis
713 2563 782 2610 etiam
795 2564 863 2610 rebus
875 2563 1006 2612 inseruerit.
1028 2563 1155 2626 Suspicari
1169 2565 1235 2627 lieet,
1252 2563 1286 2615 τὰ

166 2652 209 2701 hoe
220 2660 262 2712 est,
275 2647 421 2716 iqnobilibus‚
434 2650 466 2697 ab
477 2648 561 2696 aliena
573 2662 651 2696 manu
664 2662 725 2695 esse.

202 2732 264 2795 [lb]
286 2733 324 2781 Ac
339 2747 429 2794 semper
445 2738 467 2778 et
483 2728 567 2794 leqati]
591 2731 744 2779 Vossianus:
766 2729 804 2777 Ac
819 2746 909 2794 semper
930 2747 942 2778 e
960 2730 1053 2795 leqatia
1076 2734 1187 2784 Omnino
1205 2744 1284 2786 reeta:

166 2819 222 2867 vult
233 2818 301 2866 enim
314 2832 347 2866 ex
359 2815 521 2878 sequentibus
533 2830 591 2863 oum
602 2815 643 2864 his
656 2815 788 2876 coniungi:
802 2830 813 2861 e
826 2813 910 2878 leqatis
920 2832 986 2866 unus.
1004 2798 1136 2881 Praecepit
1144 2819 1286 2870 Pintianus.

202 2902 313 2953 CanV.
331 2898 367 2963 [5‚
382 2898 409 2962 9]
433 2899 466 2950 Se
477 2898 563 2961 consul,
580 2897 709 2962 Imperioso
725 2897 822 2963 colleqa,
838 2917 884 2964 pro
901 2901 1002 2950 victoria
1019 2900 1121 2963 deuouit]
1145 2903 1287 2953 Vossianus

167 3002 268 3052 quoque
284 2987 387 3050 imperio,
410 2994 439 3035 ut
455 2986 538 3034 codex
554 2985 678 3044 Pintiani,
702 2985 742 3032 cui
758 2993 847 3034 neutra
862 2985 937 3035 lectio
953 2988 1049 3050 placet,
1069 2995 1095 3037 et
1110 2989 1196 3050 potius
1211 2989 1288 3037 verba

167 3072 232 3124 falso
244 3074 338 3122 inserta
349 3079 423 3121 retur.
441 3071 646 3134 Haudquaquam
659 3083 720 3131 ego:
738 3070 800 3132 qnid
812 3071 880 3119 enim
892 3071 983 3121 clarius
1001 3086 1077 3133 qnam
1096 3071 1287 3121 similitudinem

166 3160 294 3208 literarum
310 3158 374 3207 illud
390 3154 435 3207 Sl)
450 3156 622 3218 absorpsisse?
645 3156 692 3204 Est
710 3155 776 3202 enim
794 3155 825 3203 T.
843 3155 956 3205 Manlius
972 3157 1134 3219 Imperiosus,
1153 3164 1179 3204 ct
1194 3156 1286 3206 intelli-

166 3245 234 3307 gitur
246 3247 278 3294 ad
289 3243 404 3292 Veserim
417 3256 510 3305 pugna.

201 3329 266 3379 Car.
278 3327 326 3377 VI.
340 3325 376 3387 [6,
391 3324 434 3386 13]
458 3323 554 3374 Manlio
569 3322 620 3372 Cos.
634 3323 707 3372 tribus
724 3322 857 3371 cohortibus
872 3323 974 3372 seruatis
986 3321 1135 3385 totidemque]
1163 3317 1198 3371 Τὸ
1213 3325 1288 3373 tribus

144 3416 151 3428 ”
167 3413 259 3464 adiecit
268 3411 396 3461 Gelenius.
410 3410 510 3460 Chiflet.
523 3407 628 3457 Mamilio
640 3424 685 3456 cos.
699 3406 838 3456 cohortibus.
857 3408 1011 3458 Vossianus:
1029 3405 1134 3457 Manilio
1146 3424 1194 3456 cus.
1206 3407 1287 3457 cohor-

168 3497 228 3546 tibus
238 3494 339 3544 seroatis
352 3492 498 3556 totidemque.
519 3493 559 3542 Ne
575 3494 602 3540 in
617 3493 740 3541 Academ.
760 3493 860 3555 quidem
876 3493 922 3542 illa
938 3508 990 3542 vox
1003 3501 1048 3542 est.
1067 3492 1164 3542 Scribe:
1183 3492 1288 3542 Manlio

167 3578 259 3631 consule
275 3578 407 3628 cohortibus
423 3577 523 3627 sanatis
540 3575 643 3636 totidem,
662 3574 769 3638 quoted
784 3575 915 3624 sanandas
931 3593 972 3625 eas
989 3576 1086 3625 eductis.
1109 3578 1288 3626 Dissimulavit

168 3667 235 3716 enim
251 3680 393 3725 numerum,
410 3672 499 3728 utpote
516 3663 619 3712 aliunde
635 3670 687 3710 tum
701 3663 761 3710 satis
774 3669 870 3712 uotum.
889 3662 999 3711 Pintiani
1012 3676 1113 3724 quoque
1124 3647 1207 3711 codex
1219 3676 1287 3711 care-

166 3754 210 3801 bat
222 3748 261 3816 τῷ
273 3750 353 3799 tribus.

202 3833 265 3898 [lta]
289 3831 360 3892 Quod
375 3840 398 3881 et
413 3840 507 3881 statuas
523 3830 572 3880 eius
586 3830 610 3879 in
618 3831 679 3895 foro
690 3846 731 3878 suo
742 3830 777 3880 D.
789 3831 910 3894 Auqustus
921 3827 1062 3894 adscripsit]
1087 3829 1160 3880 Chifl.
1174 3839 1199 3880 et
1209 3830 1286 3882 Voss.

167 3920 270 3983 scripsit.
296 3920 395 3982 Nempe
412 3918 550 3967 similitudo
566 3917 697 3967 literarum
713 3918 822 3981 primam
840 3917 964 3980 syllabam
980 3915 1072 3964 hausit.
1097 3916 1193 3964 Fuerat
1209 3916 1293 3976 enim,-

166 4003 288 4069 Auqustus
300 4002 444 4066 subscripsit.
462 4002 584 4051 Horatius
597 3997 659 4061 [Od.
672 4009 696 4062 3,
709 4008 749 4064 tt,
762 3999 819 4063 nt]:
837 4001 859 4050 si
870 4007 966 4064 quaeret
974 4006 1046 4062 pater
1057 3998 1150 4047 urbium
1163 3997 1290 4049 Subscribi

166 4088 260 4136 statuis.
278 4088 371 4137 Florus
383 4094 407 4148 4,
419 4094 449 4136 10
461 4084 496 4148 [2,
507 4090 547 4135 20.
557 4083 656 4145 Iahn.]:
669 4084 723 4133 dum
736 4085 854 4136 titulorum
867 4081 975 4149 cupidine
984 4082 1092 4132 Arasem
1104 4092 1128 4132 st
1138 4081 1286 4146 Euphratem

167 4170 210 4219 sub
222 4169 364 4233 imaqinibus
376 4171 425 4219 suis
437 4169 484 4234 leqi
494 4168 643 4232 concupiscit.
