2918 4794
195 291 277 337 xxw
635 292 880 336 protasome.

237 436 328 503 Idem
349 437 478 524 signum
499 437 670 517 coronidis,
699 437 741 503 de
761 460 826 523 quo
848 438 946 527 supra
967 463 987 506 a
1007 439 1100 506 nobis
1121 441 1313 507 dictumest

196 569 229 632 p.
250 570 308 627 xx,
329 547 365 612 in
385 547 448 613 fine
470 547 646 615 sectionum
667 558 725 612 cet.
748 548 908 635 apposuit,
934 572 997 634 quo
1019 571 1039 614 a
1059 551 1131 616 loco
1154 551 1314 638 scriptura

195 668 329 724 vacante
350 656 624 743 interpolationem
648 669 778 724 arceret.

240 765 325 834 Cum
357 768 483 853 integra
510 767 667 833 vocabula
702 768 781 832 false
813 767 933 856 scripta
969 769 1138 836 emendare
1173 767 1315 846 volebat,

194 877 286 943 iuxta
312 899 351 944 ea
377 887 552 943 correctam
577 877 684 962 posuit
710 879 888 955 lectionem,
917 900 1037 963 quare
1065 881 1217 946 lectorem
1244 900 1314 943 mo-

194 998 286 1055 neret
314 987 469 1053 eiusmodi
501 987 740 1054 emendationes
766 988 898 1074 inipso
928 999 1016 1054 textu
1037 989 1204 1076 ponendas
1231 1010 1312 1055 esse.

196 1095 301 1166 Cuius
321 1097 368 1164 rei
389 1098 532 1180 exempla
553 1108 644 1162 sunt:
672 1101 790 1185 impetu
811 1102 845 1165 ia
858 1101 932 1186 fetu
953 1123 987 1186 p.
1010 1100 1061 1177 11,
1083 1101 1136 1177 12,
1158 1111 1187 1164 et
1208 1101 1315 1164 eodem

69 1230 80 1259 ⁸
195 1233 234 1275 ea
256 1212 363 1275 eodem
378 1230 409 1292 p.
425 1209 477 1285 32,
493 1210 545 1285 22,
569 1210 733 1295 opifaerae
755 1211 899 1296 opiferae
912 1231 946 1296 p.
961 1213 1014 1290 41,
1030 1211 1060 1276 6.
1082 1207 1267 1294 Aliquando
1282 1218 1313 1273 et

77 1372 79 1381 ,
194 1320 302 1384 variae
330 1316 475 1383 lectionis
496 1317 654 1382 vocabula
674 1340 739 1383 una
761 1329 836 1383 sunt
856 1320 972 1405 posita,
1000 1342 1082 1404 quae
1103 1316 1315 1384 redundantia

193 1429 260 1494 iam
280 1427 315 1492 in
336 1427 511 1513 archetypo
532 1426 632 1491 irrisae
653 1426 780 1493 videtur
801 1429 901 1515 (conf.
917 1433 932 1514 ξ
948 1428 994 1514 9).
1297 1502 1300 1507 ,

237 1538 362 1605 Verum
382 1559 479 1622 quam
500 1536 628 1602 difficile
650 1537 692 1601 sit
713 1537 896 1605 discernere
917 1540 1152 1606 emendationes
1173 1538 1314 1606 secunda

195 1671 294 1714 manu
315 1648 457 1725 additas,
491 1647 616 1714 silentio
641 1648 817 1736 praeterire
838 1672 902 1715 non
928 1672 1116 1736 possumus,
1146 1659 1313 1736 sperantes

194 1759 272 1837 fore,
293 1768 329 1823 ut
351 1757 535 1826 emendator
556 1779 657 1842 aeque
679 1781 718 1824 ac
739 1781 797 1824 nos
820 1781 1021 1839 excusemur,
1043 1761 1071 1826 si
1091 1782 1187 1845 quam
1205 1782 1314 1825 emen·
1401 1764 1405 1770 '

195 1869 357 1934 dationem
386 1868 545 1936 secundae
573 1891 670 1935 curae
696 1869 782 1935 omni
809 1869 954 1936 adhibita
979 1870 1146 1959 diligentia
1171 1878 1314 1956 praeter-

195 1979 388 2045 miserimus.

238 2088 341 2167 Haec,
363 2110 446 2174 quae
469 2089 508 2152 de
530 2088 649 2155 codicis
672 2089 852 2173 antiquario
873 2100 970 2175 atque
986 2092 1188 2156 emendatore
1209 2087 1315 2154 adhuc

196 2198 440 2288 disputavimus,
463 2221 523 2285 pro
544 2199 637 2266 certis
658 2199 736 2287 poni
749 2223 845 2287 posse
865 2201 1095 2268 existimamus.
1119 2200 1185 2268 Sed
1201 2222 1314 2286 super-

196 2321 273 2376 sunt
293 2309 358 2376 alia
378 2310 472 2377 nobis
487 2311 632 2391 dicenda,
654 2334 748 2396 quae,
770 2311 857 2398 quod
871 2312 1054 2379 coniectura
1067 2313 1173 2391 modo,
1196 2311 1254 2377 sed
1268 2332 1316 2388 ea,

194 2431 231 2487 ut
244 2422 337 2488 nobis
353 2422 619 2512 saltemvidetur,
633 2422 806 2488 admodum
818 2424 989 2509 probabili,
1005 2423 1217 2499 continentur,
1240 2419 1317 2484 alio·

194 2555 266 2601 rum
288 2532 380 2598 nobis
401 2532 581 2597 doctiorum
608 2531 774 2596 hominum
801 2531 933 2598 arbitrio
960 2533 1178 2615 relinquamus
1206 2531 1316 2597 decer·

196 2643 311 2707 nenda.
346 2638 508 2704 Nimirum
534 2661 606 2705 cum
634 2640 668 2703 in
692 2640 758 2704 fine
785 2639 860 2704 libri
886 2639 978 2704 XIII
1006 2641 1067 2706 hoc
1096 2640 1246 2718 verbum,
1280 2652 1317 2704 ut

198 2772 297 2836 supra
317 2749 646 2828 commemoravimus,
668 2750 813 2836 legatur:
843 2749 1052 2838 emenda[vt],
1074 2762 1165 2816 extra
1186 2751 1315 2817 dubita-

198 2861 317 2926 tionem
330 2860 392 2925 hoc
405 2861 558 2946 positum,
580 2881 664 2938 eum,
685 2860 743 2944 qui
764 2860 982 2926 emendaverit
997 2861 1150 2941 codicem,
1172 2862 1229 2947 qui
1246 2885 1317 2928 mos

196 2971 258 3037 fuit
278 2969 561 3060 grammaticorum
583 2991 643 3034 nec
663 2993 729 3036 non
755 2971 1003 3057 antiquariorum
1026 2983 1058 3038 et
1079 2983 1315 3059 excerptorum,

197 3103 312 3147 nomen
334 3104 428 3147 suum
449 3080 483 3145 in
505 3080 603 3146 totius
625 3081 815 3167 operis'fine
836 3082 870 3148 in
891 3082 977 3149 hunc
998 3084 1066 3149 fere
1086 3083 1217 3149 modum
1238 3082 1315 3148 sub-

199 3193 387 3279 scripsisset
411 3189 455 3256 N.
471 3190 515 3254 Ν.
531 3191 757 3282 (Eugraphius
778 3194 828 3260 vel
848 3195 1032 3280 quicunque
1054 3194 1135 3258 alius
1156 3192 1233 3278 fuit)
1256 3195 1319 3280 lapi

199 3316 228 3368 et
249 3304 424 3380 emendavi,
446 3302 498 3367 vel
520 3302 719 3392 simpliciter:
742 3306 815 3392 Epo
828 3305 873 3369 N.
889 3303 934 3370 N.
956 3305 1130 3370 emendavi.
1152 3303 1222 3367 Iam
1244 3324 1317 3367 cum

199 3423 324 3479 constet
344 3435 431 3493 eum,
465 3411 520 3498 qui
547 3412 581 3476 in
602 3412 708 3479 Plinio
730 3414 929 3480 emendando
953 3414 1014 3479 hoc
1035 3434 1165 3479 munere
1187 3413 1317 3479 functus

199 3525 250 3604 sit,
272 3525 403 3589 Iunium
417 3523 629 3589 Laurentium
650 3523 728 3600 sive,
749 3533 786 3588 ut
802 3522 1056 3590 Schneidewiuus
1070 3525 1202 3602 mavult,
1223 3524 1317 3589 Lau·

197 3649 320 3703 reatum
341 3634 539 3701 nominatum
561 3657 643 3712 esse,
665 3633 757 3699 facile
778 3634 850 3717 quis
872 3635 1053 3722 suspicetur
1073 3634 1133 3701 lroo
1155 3657 1270 3701 nomen
1283 3634 1317 3698 in

197 3749 261 3815 fine
290 3748 390 3814 totius
421 3745 528 3832 operis
557 3746 609 3810 vel
630 3744 765 3810 alicuius
786 3744 860 3810 libri
880 3745 1000 3812 lectum
1021 3745 1128 3810 firisse.
1168 3743 1235 3811 Sed
1256 3745 1318 3810 alia

197 3858 290 3925 uobis
312 3858 426 3925 oborta
448 3868 497 3922 est
519 3854 668 3941 suspicio.
702 3853 861 3920 Nimirum
883 3857 1018 3934 codicis,
1046 3878 1142 3940 quem
1168 3876 1228 3920 nos
1252 3866 1316 3920 tra·
1375 3866 1377 3870 ’

200 3970 369 4047 atavimus,
406 3966 641 4034 emendatorem
668 3990 731 4032 non
759 3966 861 4033 fuisse
891 3966 979 4031 illum
1005 3966 1218 4032 Laurentium
1251 3967 1318 4032 sive

198 4079 397 4144 Laureatura
418 4078 493 4143 inde
516 4099 672 4163 apparere
693 4078 893 4155 arbitramur,
915 4077 1000 4160 quod
1015 4100 1132 4164 magna
1145 4077 1317 4143 lectionum

199 4201 248 4256 est
263 4189 441 4255 differentia
455 4187 654 4276 palimpsesti
669 4187 768 4254 nostri
790 4198 823 4253 et
845 4208 953 4252 eorum
976 4187 1130 4267 codicum,
1153 4188 1209 4271 qui
1224 4189 1317 4253 Lau-
