2918 4794
486 310 592 354 NOTAE
608 311 651 352 AD
666 312 748 351 LlBR.
766 311 844 350 XXV.
861 310 953 349 XXVI.

539 574 604 639 AD
627 574 747 640 LIBR.
770 574 906 640 XXVI.

196 718 260 769 Cur.
273 718 293 766 I.
308 716 344 778 [5‚
359 714 385 778 7]
404 715 465 765 Moe
482 713 636 763 invalescente
643 730 690 777 per
703 722 773 762 totum
786 712 881 777 corpus]
900 714 1019 764 Vossiuni
1032 713 1119 762 ambo:
1139 728 1192 760 mou
1204 713 1283 762 inare-

160 809 237 866 scente
246 818 291 864 per
304 810 373 849 toturn
386 816 478 863 corpus.
496 802 537 860 Et,
554 800 579 848 ni
593 799 676 860 fallor,
696 800 785 863 probe:
798 800 906 862 pertinet
918 800 984 847 enim
997 801 1028 848 ed
1042 794 1072 846 τὸ
1086 805 1143 845 cute.
1156 799 1199 846 lib.
1213 804 1254 858 et,
1269 803 1281 849 7

164 885 216 947 [39,
233 885 287 948 73]:
306 886 398 935 Horum
411 883 569 932 extremitates
582 891 672 931 tantum
684 883 826 933 inarescunt.
846 883 888 934 Sic
901 898 1002 946 quoque
1014 883 1155 932 Pincianus.

198 971 261 1022 Cur.
281 970 315 1018 11.
330 967 365 1031 [6,
382 967 424 1029 10]
443 967 536 1017 Dioclis
551 965 668 1032 Carystii]
687 969 768 1016 Acad.
787 964 860 1016 diodi.
880 967 1000 1016 Vossinni
1017 975 1066 1017 tres
1079 976 1104 1016 et
1116 966 1183 1016 Gnd.
1195 965 1283 1015 Diocli.

162 1057 301 1112 Nimirum,
323 1061 351 1103 ut
373 1051 474 1113 Pericli,
499 1050 630 1113 Gaudenti,
653 1050 755 1113 Achilli,
783 1050 875 1116 Ulyssi,
894 1050 990 1112 Oronti,
1008 1049 1144 1112 Aristoteli,
1162 1049 1284 1114 Euripidi,

163 1137 262 1189 Socrati
273 1145 298 1185 et
311 1138 403 1186 similia
414 1138 497 1200 patrio
510 1152 577 1186 cusu.

198 1218 432 1282 cm.111.[s,1e]
451 1218 532 1269 Multa
549 1235 646 1282 quoram
664 1235 724 1268 σανα
742 1218 811 1268 uitiis
827 1219 901 1267 aneia
918 1226 941 1266 et
952 1216 1030 1280 rudis]
1049 1220 1193 1268 Truncetus
1205 1219 1284 1267 locus.

163 1307 244 1356 Aced.
259 1305 326 1356 Gud.
338 1307 441 1368 Menep.
458 1303 526 1352 multi
541 1320 638 1366 quornm
657 1320 715 1352 cura
727 1302 798 1352 nimis
810 1303 885 1351 ouria
898 1311 919 1350 et
930 1301 1010 1352 rudia.
1029 1303 1182 1353 Vossianus:
1202 1302 1284 1351 Ascle·

161 1389 252 1453 piaden
268 1388 380 1437 adiuvere
397 1387 470 1437 multa
486 1388 510 1436 in
527 1388 677 1451 antiquorum
695 1403 754 1437 σανα
773 1387 843 1436 uimt's
854 1387 930 1435 auxie
941 1394 965 1434 et
975 1385 1054 1437 rudia.
1074 1386 1214 1437 Confirmet
1225 1388 1284 1436 Pin-

164 1475 225 1524 tiani
248 1476 342 1522 codex:
360 1476 404 1522 sed
421 1473 464 1522 ille
479 1481 617 1537 praeterea,
636 1471 793 1536 Asclepiades
808 1471 903 1534 inuenit,
923 1473 1049 1536 exemplo,
1068 1480 1096 1520 ut
1117 1473 1215 1535 opinor,
1233 1487 1285 1521 non

164 1561 257 1608 bono.¹
472 1556 474 1560 ’

198 1641 262 1691 Cur.
280 1643 327 1691 IV.
341 1640 380 1702 [9‚
398 1639 439 1702 19]
459 1640 581 1691 Siccentur
603 1640 672 1689 lodie
692 1639 844 1705 Aeruiopide]
868 1642 964 1693 Omnes
983 1643 1107 1705 quinque,
1124 1639 1241 1700 Meroide,
1258 1649 1286 1689 ut

166 1727 257 1788 opinor
274 1727 350 1775 etiem
367 1727 393 1773 in
413 1725 489 1775 Chifl.
502 1741 565 1786 esse,
583 1727 629 1775 etsi
641 1727 804 1775 exhibuerint
821 1724 928 1775 merodie.
951 1726 994 1776 lib.
1009 1731 1051 1786 27,
1070 1723 1150 1786 7[29‚
1165 1723 1208 1786 53]
1222 1727 1286 1775 dixit

166 1810 279 1860 eiusdem
292 1811 387 1858 herbae
400 1825 492 1858 nomen
505 1824 559 1860 esse
571 1817 714 1873 utrumque.

200 1891 262 1955 [lb]
285 1891 332 1942 Οαν
349 1909 465 1956 uunquam
479 1893 608 1942 Persarum
621 1893 673 1957 repi
684 1892 743 1942 tales
756 1891 821 1941 dedit
827 1891 849 1955 t]
869 1895 988 1944 Pintiano
998 1895 1080 1942 verior
1092 1893 1185 1955 scripto
1196 1893 1286 1941 lectior

165 1979 204 2025 cui
218 1994 319 2040 unquam
337 1976 467 2025 Persarum
484 1975 536 2039 repi
548 1975 604 2024 talis
617 1973 704 2024 dedita.
723 1976 812 2040 Neque
829 1977 902 2026 aliter
918 1977 971 2026 fere
984 1976 1084 2027 Cbiflct.
1099 1985 1125 2024 et
1138 1976 1222 2036 Voss,
1242 1979 1287 2026 sed

166 2064 324 2112 scribendum
348 2063 460 2111 detracta
480 2063 566 2110 litera:
589 2061 628 2108 cui
642 2077 744 2124 nuquam
767 2061 899 2110 Persarum
917 2062 969 2125 repi
986 2060 1044 2109 tales
1061 2059 1141 2110 dedit?
1155 2077 1215 2109 nam
1232 2058 1287 2108 talis

166 2148 271 2208 antiqua
288 2148 412 2210 scriptura
428 2161 475 2208 pro
492 2143 563 2202 tales,
579 2147 604 2194 id
624 2154 673 2206 est,
691 2145 811 2208 pulchros
828 2148 960 2208 bonosque
978 2162 1008 2196 ec
1023 2146 1167 2195 fortunntos
1184 2146 1285 2194 liberos.

167 2230 194 2280 Si
211 2232 267 2292 quis
284 2245 314 2278 ee
332 2229 518 2292 compositione
529 2229 579 2278 frui
592 2238 618 2278 et
629 2232 739 2292 gaudere
751 2230 845 2290 debuit,
863 2231 884 2278 is
897 2239 952 2279 erat
970 2245 1016 2278 rex
1028 2231 1169 2290 Persarum,
1186 2237 1240 2278 tum
1254 2230 1286 2279 oh

166 2316 301 2364 immensos
314 2329 382 2376 opes,
400 2321 453 2362 tum
471 2315 503 2362 ob
520 2327 606 2362 curam
624 2314 706 2374 gentis
723 2314 749 2361 in
761 2313 845 2362 forme
856 2328 953 2375 regum,
968 2321 1022 2362 tum
1040 2315 1185 2376 obsepiam
1199 2329 1286 2376 mogo-

167 2414 230 2447 rum.
249 2399 286 2447 At
302 2411 377 2446 nemo
394 2412 484 2446 eorum
502 2397 557 2456 fuit,
576 2398 619 2460 qui
636 2412 689 2445 non
706 2397 812 2446 liberum
826 2399 892 2447 elios
904 2397 1039 2458 deformes,
1059 2399 1123 2446 ulios
1142 2400 1285 2456 sceleratos,

167 2483 230 2531 ulios
251 2481 365 2530 infelices
387 2481 511 2530 babuerit.
534 2480 613 2530 Nulla
634 2481 710 2543 igitur
730 2489 783 2530 tam
800 2480 928 2530 efficacem
950 2482 980 2531 iis
997 2483 1208 2545 compositionem
1227 2483 1286 2531 dare

167 2567 251 2628 potuit
263 2566 357 2628 Magis.
377 2566 453 2614 Voss.
467 2566 599 2628 Andegav.
613 2564 652 2612 cui
661 2580 769 2627 umquam
783 2565 814 2614 P.
826 2583 846 2614 r.
865 2564 920 2614 talis
936 2546 1072 2614 estdedita.
1090 2566 1193 2630 Menep.
1207 2567 1287 2617 Aced.

168 2657 192 2699 et
207 2650 272 2699 Gud.
286 2650 325 2698 cui
335 2665 453 2712 uunquam
465 2649 495 2698 P.
509 2667 528 2698 r.
543 2647 598 2697 talis
610 2656 644 2696 est
656 2646 743 2697 dedita.

202 2734 265 2784 Cur.
283 2734 359 2783 VIII.
377 2733 433 2795 [28‚
450 2731 494 2794 43]
518 2732 633 2782 Avaritia
650 2733 780 2798 expetitur:
802 2734 855 2783 ltuic
873 2733 967 2784 luxuria
984 2734 1102 2797 conditur]
1127 2736 1286 2799 sicquidem

168 2819 232 2867 libri.
252 2818 385 2880 Scripsisse
398 2827 483 2866 tamen
500 2818 613 2867 Plinium
626 2834 730 2868 censeo:
748 2818 829 2868 Huius
839 2819 923 2882 qratia
932 2819 1060 2883 praecipue
1073 2819 1180 2869 avaritia
1192 2823 1286 2884 expetit.

168 2916 267 2964 semper
284 2902 368 2949 ieiune
385 2908 409 2948 et
425 2901 573 2949 insatiabilis
587 2903 665 2950 esurit
676 2911 701 2949 et
713 2903 766 2950 sitit
783 2903 923 2964 pecuniam.
936 2904 1004 2959 item,
1023 2903 1076 2952 luis
1095 2902 1190 2952 luxuria
1201 2903 1287 2954 condit.

168 2986 279 3034 mirificis
292 2993 317 3032 et
328 2984 480 3046 sumptuosis
493 2983 661 3032 condimentis
674 2985 744 3032 cibos
756 2994 869 3047 apparet.

203 3068 264 3132 [lb]
283 3067 319 3116 Et
345 3083 409 3115 nemo
434 3065 558 3114 utilitatem
586 3065 635 3114 eins
660 3065 782 3127 aestimat]
818 3067 902 3117 Immo
920 3067 1043 3128 uilitatem,
1061 3078 1088 3119 ut
1106 3079 1143 3120 est
1161 3074 1188 3120 in
1210 3075 1286 3124 Voss.

168 3157 266 3204 Eadem
279 3152 402 3202 vocabule
414 3153 440 3200 in
454 3151 604 3211 Quintiliani
616 3151 842 3200 declamationibus
854 3152 961 3201 confuse
973 3155 1072 3216 saepius
1084 3157 1249 3206 ostendimus.

193 3237 266 3299 '[33,
295 3236 344 3298 50]
372 3235 453 3283 Extra
478 3251 565 3296 aquam
590 3234 743 3298 peculiariter
763 3234 902 3300 resriperut]
930 3238 1018 3286 Verba
1037 3240 1104 3286 mule
1126 3243 1286 3303 transpositu.

169 3323 265 3374 Scribe:
282 3319 366 3368 similis
384 3322 448 3368 betae
457 3317 542 3382 foliis,
560 3319 636 3368 minor
657 3327 746 3368 tautum
764 3319 932 3384 hirsutiorque,
946 3319 1054 3385 paullum
1074 3338 1165 3386 semper
1187 3325 1288 3373 eminens

169 3403 314 3467 (hucusque
331 3405 404 3454 Chifi.
422 3404 538 3454 colloss.
556 3406 727 3454 consentiunt:
745 3408 814 3468 quod
831 3407 951 3469 sequitur,
968 3423 1001 3457 ex
1018 3408 1093 3478 Voss.
1111 3409 1186 3471 primi
1203 3411 1286 3474 prodi-

168 3488 236 3550 mus)
249 3497 317 3536 eutra
329 3504 424 3551 aqueus.
443 3488 504 3538 ilsus
515 3488 631 3552 iusoliis:
643 3488 795 3553 resriperunt,
807 3490 925 3554 spissant,·
934 3490 1088 3556 peculiariter
1099 3493 1206 3542 curribus
1217 3494 1286 3543 uitio·

168 3571 202 3619 sis
214 3572 289 3621 utilia.
308 3573 336 3623 Si
349 3581 433 3622 temen
445 3572 616 3636 supereminens
628 3574 709 3635 melis,
722 3590 773 3624 non
785 3576 920 3626 intercedo.
1145 3576 1148 3583 “

203 3655 256 3717 [36,
270 3655 313 3718 57]
333 3655 454 3705 devenitur
467 3656 492 3704 in
504 3657 596 3705 saxosis
610 3655 675 3718 locis]
694 3659 770 3708 Voss.
780 3661 870 3708 recidit
882 3658 911 3707 τὸ
926 3658 989 3708 locis.
1009 3661 1051 3710 Sic
1064 3659 1087 3706 iu
1103 3663 1205 3723 petrosis
1218 3668 1257 3722 ut,
1272 3672 1285 3714 5

170 3737 222 3800 [¹62
235 3739 289 3801 33],
301 3740 326 3788 in
338 3741 434 3803 aquosis
446 3743 537 3789 eodem
548 3741 592 3790 lib.
607 3756 661 3804 cap.
675 3746 690 3790 9
705 3738 757 3801 [47,
772 3745 800 3791 71
816 3750 841 3790 et
853 3757 928 3806 saepe
939 3741 1020 3804 alibi].

204 3821 256 3883 [37,
270 3822 313 3884 58]
333 3823 484 3887 Exprimitur
499 3840 581 3872 succus
598 3840 662 3886 aqua
679 3822 822 3886 madefacta,
840 3825 894 3888 ipsa
910 3824 1016 3888 concisa]
1036 3828 1113 3876 Voss.
1130 3842 1194 3890 aqua
1206 3829 1285 3878 made·

162 3907 261 3968 factae,
282 3916 305 3956 et
324 3909 379 3970 ipsa
399 3909 489 3957 minuta
509 3907 610 3957 concisa.
628 3908 664 3956 Ut
686 3917 710 3957 ct
731 3909 757 3956 in
777 3917 848 3972 perte
868 3909 967 3960 Chiflet.
988 3911 1138 3974 Lugendum
1159 3922 1286 3976 praeterea

168 3990 262 4050 minute,
280 3992 321 4039 vel
337 3991 451 4053 minutim,
469 3993 509 4040 vel
522 3990 661 4040 minutatim.
681 3991 739 4040 Hoc
756 3993 831 4041 etiem
850 3997 924 4043 credo
941 3996 1052 4045 voluisse
1068 3996 1222 4055 Pintianum‚
1240 4002 1286 4048 etsi

169 4074 235 4122 male
247 4074 280 4122 sit
292 4088 439 4137 expressum
451 4077 476 4125 in
496 4076 646 4138 exemplari,
665 4090 714 4137 quo
729 4083 790 4124 utor.
815 4075 931 4136 Quotuor
946 4080 989 4128 ulii
1006 4081 1105 4128 saltem:
1125 4095 1189 4142 aqrro
1207 4081 1286 4130 orode-

161 4157 235 4218 fuctu
248 4163 270 4203 et
282 4155 342 4219 ipsa.
1134 4154 1139 4164 ’
