2918 4794
169 288 209 352 98
652 308 794 350 naonovr

169 461 289 510 additam.
315 459 369 508 Nisi
390 465 507 508 monetae
528 457 628 520 signum
645 466 690 518 est,
711 471 820 517 nomen,
841 459 884 506 ubi
901 461 1106 510 commodissime
1123 461 1217 522 visum,
1240 463 1290 526 legi

169 544 290 603 iubentis,
311 544 396 606 potius
412 543 528 592 videatur
545 557 604 606 pars
620 543 697 592 vestis
714 543 844 606 replicata,
863 551 908 593 aut
923 540 1085 610 κατάβλημα
1103 528 1239 608 plagulam
1257 549 1289 596 ab

169 644 269 679 summo
286 627 393 677 humero
410 630 442 678 ad
458 629 522 677 imos
541 629 605 676 talos
626 627 753 690 utrimque
771 628 915 676 decurrens.
943 627 1018 678 Certe
1038 629 1149 679 forensia
1168 631 1248 692 longa
1265 641 1291 680 et

169 713 298 762 honorata
314 713 507 774 magistratuum
516 686 599 760 liuius
615 711 693 772 urbis,
711 712 801 774 quibus
816 726 862 774 pro
878 712 999 761 tribunali
1016 720 1041 762 et
1057 714 1083 762 in
1099 715 1200 777 pompis
1216 723 1290 765 utun·

169 806 218 857 tur,
236 797 263 844 in
280 804 360 859 parte,
378 810 443 860 quae
460 797 577 859 proxime
589 796 715 845 sinistram
732 796 837 845 axillam
849 804 907 845 ante
925 804 951 845 et
967 805 1025 859 post
1041 800 1190 860 propendet,
1207 799 1290 848 solido

168 891 274 944 argento
287 881 425 944 grandibus
440 881 519 930 literis
535 888 652 930 notatum
665 883 801 930 ostendunt
812 879 864 929 LE
870 879 978 930 YDEN.
1001 881 1067 930 Item
1082 883 1210 932 viatorum
1222 885 1290 934 Aca·
1326 924 1329 930 .

168 965 266 1014 demine
282 964 384 1014 colobia
397 966 424 1013 in
441 965 501 1024 oris,
518 979 583 1027 quaa
600 964 737 1028 replicatae
755 972 814 1014 ante
826 973 915 1028 pectus
928 966 1092 1026 descendunt,
1106 975 1229 1016 ornantur
1240 969 1290 1017 hoc

168 1056 273 1111 argento
290 1049 406 1098 literato:
428 1044 533 1098 AOAD.
550 1047 665 1099 LVGD.
683 1047 768 1098 BAT.
793 1051 827 1099 Et
847 1049 935 1099 multis
956 1049 1099 1112 municipiis
1121 1051 1214 1112 passim
1235 1067 1290 1101 mos

167 1133 246 1196 pallia
262 1135 443 1198 apparitorum,
460 1133 590 1194 lictorum,
612 1139 735 1183 staterum
753 1133 870 1182 similiter
885 1133 990 1182 nomine
1008 1148 1053 1182 suo
1073 1133 1201 1195 insignire.
1224 1135 1290 1184 Zeu-

168 1217 234 1268 xidis
255 1233 358 1281 quoque
377 1219 464 1267 literas
485 1233 548 1266 auro
569 1217 651 1266 solido
672 1225 698 1266 et
717 1218 812 1266 unciali
829 1218 914 1279 potius
932 1217 1010 1266 fuisse
1028 1232 1104 1280 quam
1121 1219 1230 1267 intextas
1247 1227 1291 1269 aut

168 1317 216 1351 acu
230 1302 312 1365 pietas
324 1302 485 1351 crediderim:
503 1302 555 1350 hoc
568 1303 634 1350 enim
648 1301 732 1365 potius
745 1302 862 1363 congruit
874 1301 1023 1350 ostentatori
1034 1303 1181 1364 pecunioso.
1200 1303 1290 1366 Neque

169 1384 210 1446 (ut
222 1387 253 1435 nd
266 1385 379 1435 Plinium
391 1384 559 1447 revertamur)
576 1386 636 1433 hinc
654 1386 794 1435 abhorrere
813 1392 913 1432 tesserae
925 1385 1079 1434 vocabulum
1092 1385 1203 1436 Iustinus
1215 1389 1291 1437 docet
1328 1421 1332 1435 .

168 1469 210 1519 lib.
224 1475 239 1518 3
253 1467 289 1530 [5,
304 1467 358 1531 10]:
383 1469 415 1518 Ut
430 1485 475 1517 non
493 1467 521 1517 de
538 1467 621 1528 salute,
638 1468 681 1517 sed
696 1468 724 1517 ale
740 1468 861 1532 sepultura
877 1467 973 1518 solliciti
991 1476 1091 1517 tesseras
1107 1469 1226 1534 insculptis
1241 1471 1308 1520 suis'

168 1561 191 1601 et
208 1560 304 1616 patrum
321 1552 451 1601 nominibus
467 1552 550 1601 dextro
569 1551 664 1601 brachio
682 1551 827 1616 deliparcnt:
848 1561 881 1614 ut,
898 1553 921 1602 si
937 1569 1015 1601 amnes
1031 1551 1157 1603 aduersum
1171 1554 1290 1618 praelium

168 1636 358 1700 consumpsisset,
380 1645 402 1685 et
418 1638 526 1701 temporis
543 1637 621 1700 spatie
637 1639 736 1700 confusa
752 1654 874 1701 corporum
892 1635 1033 1685 lineamenta
1050 1647 1137 1698 essent,
1158 1654 1187 1686 ex
1204 1637 1290 1687 indicio

170 1720 287 1770 titulorum
305 1720 371 1769 tradi
385 1720 519 1784 sepulturae
528 1730 630 1785 possent.
648 1724 794 1786 Polyaenus
806 1723 833 1771 in
845 1724 932 1771 eadem
945 1737 972 1771 re
984 1723 1027 1771 lib.
1043 1729 1054 1770 l
1076 1720 1142 1785 [cap.
1158 1720 1200 1782 li]
1219 1721 1289 1772 Stra·

168 1815 231 1868 toga
241 1801 284 1854 ἵνα
297 1802 329 1854 δὲ
343 1803 393 1854 ὑπὸ
407 1806 460 1854 τῶν
473 1803 579 1855 οἰκείων
591 1805 620 1855 ἐν
631 1805 667 1872 τῇ
673 1807 725 1855 τῶν
736 1807 838 1870 νεκρῶν
848 1803 987 1870 ἀναιρέσει
999 1804 1156 1870 γνωρίζοιτο
1166 1802 1287 1865 ἕκαστος,

169 1886 213 1939 ἐπὶ
236 1885 286 1947 τὰς
306 1886 468 1947 σκυταλίδος
488 1885 605 1950 τοῦνομα
621 1887 794 1954 γραψάντων.
821 1890 943 1954 Hesychii
959 1891 1040 1939 verbis
1057 1892 1153 1940 diceres
1168 1887 1287 1937 πινάκιον

169 1970 280 2031 πύξινον
299 1971 532 2038 ἐπιγεγραμμένον
551 1971 581 2023 τὸ
600 1969 686 2035 ὄνομα
703 1975 752 2023 τοῦ
769 1971 853 2023 αὐτοῦ
870 1970 914 2022 καὶ
932 1970 1036 2039 πατρός
1050 1975 1075 2024 in
1088 1968 1224 2033 Χαλκοῦν,
1242 1975 1307 2036 οοείΙ

167 2063 200 2111 de
216 2060 266 2109 alia
281 2075 308 2109 ra
324 2060 366 2109 bie
383 2061 510 2123 loquatur.
537 2059 650 2110 Iustinus
669 2060 747 2122 igitur
768 2074 870 2123 quoque
890 2059 950 2109 lieet
970 2060 1077 2109 tabellas
1093 2059 1194 2118 indicet,
1214 2058 1289 2109 facile

167 2151 254 2192 tamen
270 2144 330 2192 hinc
346 2145 452 2206 colligas
469 2146 575 2207 quodvis
588 2145 728 2207 pittacium,
744 2145 890 2205 massulam,
908 2145 1034 2202 laciniam,
1051 2143 1165 2203 limbum,
1179 2144 1289 2204 denique

168 2242 355 2290 quamcumque
375 2230 517 2289 materiam,
539 2230 580 2278 cui
600 2244 694 2279 nomen
714 2230 794 2293 possit
811 2230 896 2290 incidi,
913 2229 1023 2289 inscribi,
1045 2227 1110 2286 addi,
1131 2235 1206 2288 atque
1223 2227 1290 2274 adeo

167 2312 248 2374 ipsam
261 2320 359 2375 partem
371 2315 456 2374 vestis,
472 2328 538 2376 quae
554 2329 649 2363 nornen
667 2322 712 2364 aut
723 2321 797 2364 notas
809 2314 872 2364 tales
885 2315 1005 2373 continet,
1023 2320 1132 2361 tesseram
1145 2311 1184 2359 vel
1198 2307 1289 2358 titulum

167 2403 236 2445 recte
249 2397 306 2446 dici.
325 2397 432 2448 Confert
442 2400 527 2448 nescio
540 2399 672 2460 quiaillud
685 2399 770 2449 Ovidii
782 2399 825 2447 lib.
839 2403 853 2446 2
868 2395 942 2459 [733]
955 2397 1139 2459 Metamorpb.:

354 2481 533 2545 Permulcetque
545 2498 625 2530 comas
637 2481 836 2546 chlamydemque,
847 2490 873 2530 ut
881 2480 986 2545 pendeat
997 2489 1060 2545 apte,

357 2565 468 2627 Collacat,
481 2575 507 2615 ut
520 2565 603 2615 limbus
615 2575 731 2628 totumque
743 2574 863 2629 appareat
874 2582 966 2615 aarum.

173 2651 242 2701 Haec
258 2652 320 2700 olim
337 2652 494 2713 scripseram.
519 2651 570 2701 Sed
585 2651 790 2713 magiaopinor,
808 2649 964 2699 satisfacient
976 2651 1075 2698 curioso
1088 2650 1176 2700 lectori
1188 2646 1289 2712 (quam-

168 2749 244 2796 quam
257 2735 288 2783 ab
301 2735 341 2782 his
352 2748 404 2782 non
416 2731 577 2794 dissentiant)
595 2748 676 2795 uapor
687 2734 784 2782 erudite
796 2748 826 2782 ac
838 2734 941 2795 copiose
952 2734 978 2782 in
991 2733 1059 2781 hunc
1070 2735 1156 2784 locam
1168 2740 1289 2796 congesta

168 2833 184 2864 a
200 2816 240 2866 ol.
258 2818 322 2884 Viro
340 2816 433 2866 Carolo
449 2819 528 2867 Datio
548 2818 581 2866 ad
597 2816 671 2866 Vitas
692 2818 819 2880 pietatum
836 2818 1011 2878 antiquorum:
1030 2819 1074 2880 qui
1090 2827 1178 2881 matus
1196 2817 1287 2877 effecit,

168 2910 196 2950 nt
208 2902 354 2951 universum
367 2917 430 2965 opus
443 2909 515 2952 tanto
526 2902 701 2952 vehementius
718 2902 851 2964 acriusque
869 2903 1010 2952 desiderent
1022 2902 1140 2953 homines
1152 2904 1287 2965 elegantes.

202 2985 267 3036 Can.
280 2988 313 3036 X.
333 2984 386 3048 [36‚
401 2984 444 3048 ts]
471 2984 527 3036 Cum
546 2986 657 3036 tristitiae
674 3002 762 3034 ornnem
775 2986 899 3050 imapinem
911 2985 1100 3050 consumpsisset]
1123 2988 1199 3036 Voss.
1212 2994 1235 3033 et
1247 2985 1289 3034 tri·

168 3070 254 3119 stitiae.
282 3070 358 3131 Quod
376 3072 480 3120 omnino
497 3072 603 3134 requirit
619 3072 712 3120 oratio:
733 3067 789 3118 Cum
807 3077 904 3118 moestos
918 3069 1035 3132 pinxisset
1051 3085 1142 3132 omnes,
1160 3069 1289 3133 praecipue

166 3163 287 3218 patruum,
299 3163 322 3204 et
333 3155 444 3204 tristitiae
456 3171 545 3204 emnem
556 3154 681 3219 imapinem
694 3153 880 3217 consumpsisset,
889 3155 969 3216 patris
981 3153 1055 3217 ipsius
1067 3152 1155 3202 uultum
1167 3153 1262 3203 vensis.

179 3243 180 3247 ’
203 3238 257 3302 [36,
272 3238 315 3302 76]
333 3237 459 3302 Pamphili
467 3239 564 3302 pictura
576 3247 611 3286 est
621 3239 729 3302 cepnatr'e
741 3246 764 3286 et
771 3237 890 3301 praelium
902 3236 937 3285 ad
949 3235 1094 3299 Phliuntem]
1112 3238 1138 3287 A
1151 3238 1288 3288 scholiasta

168 3334 228 3375 sunt
240 3325 338 3388 pictura
355 3332 389 3372 est
406 3326 524 3386 ignorata
535 3324 673 3374 Vossiauor
692 3332 717 3372 et
733 3324 809 3372 verba
823 3323 901 3372 Plinii
916 3323 1093 3386 praecedentia
1103 3321 1181 3370 facile
1192 3323 1218 3372 id
1229 3337 1288 3385 pro-

168 3411 237 3459 bant.
259 3411 367 3460 Dixerat
383 3409 463 3458 enim:
480 3406 620 3470 Eupompus
632 3404 744 3469 (docuit)
756 3405 919 3470 Pamphilum,
933 3405 1028 3470 Apellis
1040 3413 1224 3469 praeceptorem.
1242 3405 1290 3454 Est

166 3492 288 3556 Eupompi
299 3492 373 3540 uictor
383 3491 509 3540 certamine
519 3477 627 3556 ppmriica
636 3490 743 3555 palmam
757 3498 841 3551 tenens,
855 3499 901 3540 ete.
914 3489 1039 3554 Pamphili
1049 3490 1165 3554 copnatio.

139 3573 146 3583 ”
202 3574 294 3637 [Ibid]
321 3575 398 3633 Quam
415 3575 541 3624 mecedem
558 3584 580 3624 et
595 3574 691 3639 Apelles
712 3582 734 3623 et
749 3573 896 3624 Melanthius
912 3574 935 3622 ci
949 3572 1046 3636 dedere]
1072 3570 1214 3625 Vossianus
1230 3587 1290 3634 pro·

165 3660 295 3711 numenei
308 3676 359 3710 nou
372 3662 495 3724 agnoscit.
514 3661 614 3710 Scribe:
632 3675 704 3722 quam
716 3657 842 3708 mecedem
859 3657 882 3706 ei
891 3657 989 3722 Apelles
1000 3666 1023 3708 et
1034 3655 1180 3708 Melanthius
1195 3653 1287 3703 dedere.

202 3743 255 3807 [ata
270 3743 313 3807 tt]
341 3744 373 3792 Ut
386 3745 457 3809 pueri
472 3745 567 3808 inpenui
581 3752 637 3793 ante
653 3743 734 3792 omnia
746 3740 928 3807 diaprophicen]
952 3742 994 3793 Sic
1007 3743 1135 3809 Gelenius,
1152 3755 1209 3789 cum
1222 3750 1289 3789 esset

166 3831 198 3879 ab
210 3829 352 3880 Hermolao
364 3828 558 3893 Dsaprapha'een,
576 3828 604 3877 id
618 3836 665 3889 est,
680 3827 800 3893 picturam
812 3827 837 3875 in
855 3828 927 3888 buno,
943 3843 989 3891 pro
1002 3824 1193 3890 antiprapht'cen,
1210 3821 1237 3871 td
1246 3831 1288 3883 est,

162 3914 283 3975 picturam
306 3913 331 3961 in
348 3912 402 3962 luto.
429 3916 498 3964 Men.
515 3915 598 3963 Acad.
616 3913 682 3963 Gud.
705 3912 801 3975 inpenui
819 3912 898 3960 omnia
915 3909 1071 3975 antiqrapha,
1098 3909 1173 3959 Voss.
1194 3906 1291 3969 inpenui

166 3997 245 4044 amnia
261 3996 434 4060 antigraphice.
456 3998 538 4059 Lege:
556 4004 583 4044 ut
596 3996 668 4060 pueri
682 3995 778 4058 inpenui
788 3994 867 4043 omnia
879 4002 934 4042 ante
942 3993 1082 4058 prophicen,
1100 3991 1142 4041 hoc
1154 3998 1196 4052 est,
1211 3989 1289 4054 pictu-

128 4096 130 4100 ·
165 4095 227 4140 ram,
245 4082 270 4128 in
288 4082 348 4128 buxo
364 4079 508 4130 docerentur.
530 4080 617 4131 Omnia
632 4088 687 4128 ante
703 4087 741 4129 est
757 4086 815 4128 aute
832 4079 925 4137 omnia,
946 4087 975 4126 ut
991 4077 1126 4128 Suetonius
1138 4076 1288 4127 Domitiano

166 4179 220 4228 cap.
234 4171 257 4214 9.
275 4165 396 4214 aerarium
408 4164 482 4228 apud,
499 4166 604 4216 Tacitus
623 4162 731 4224 [Annal
744 4170 783 4223 15,
793 4160 838 4224 47]
858 4162 921 4232 uiam
933 4161 1025 4210 Miseni
1034 4169 1139 4226 propter,
1152 4169 1177 4209 et
1189 4159 1288 4218 similia,

166 4250 196 4296 de
213 4248 304 4310 quibus
317 4247 437 4298 Observa.
451 4256 474 4310 3,
489 4254 519 4298 19
537 4247 573 4311 [p.
587 4243 649 4296 6042
662 4262 687 4310 p.
701 4252 758 4296 294.
770 4243 900 4307 Protsch.]
915 4245 1034 4294 diximus.
1059 4244 1194 4295 Caeterum
1213 4242 1288 4290 huius
