2918 4794
208 296 268 357 112
599 334 606 342 -
698 313 840 356 eu0u0v1
920 272 924 275 ι

241 465 294 527 [24‚
307 463 366 526 lll]
381 464 483 521 Quorum
496 463 553 528 apri
563 480 653 526 quoque
664 465 775 513 minorem
788 463 881 513 modum
894 464 1011 514 obtinuere
1022 480 1094 527 quam
1106 464 1207 514 calderia
1218 465 1328 530 istorum]

207 553 287 601 Acud.
300 551 370 598 Men.
384 556 410 598 et
421 549 488 598 Gud.
502 564 572 610 quam
589 546 700 597 cellariae
716 547 822 598 istmum.
840 549 935 598 Noster
946 550 963 597 l.
977 555 1017 610 34,
1032 555 1046 599 8
1061 546 1114 610 [19,
1128 547 1186 611 84]:
1202 549 1283 613 Atque
1300 567 1330 599 ex

206 634 318 694 omnibus,
335 620 396 695 qua'e
411 630 489 694 retuli,
502 631 638 680 clarissima
649 647 754 694 quaeque
766 632 813 680 iam
824 641 879 680 sunt
896 631 977 681 dicata
987 649 1004 680 a
1024 632 1169 696 Vespasiano
1178 634 1288 697 principe
1300 637 1329 682 'in

206 715 289 779 templo
301 716 374 765 Pacis
386 715 487 779 aliisque
499 717 547 764 eius
559 715 674 779 operibus,
691 715 803 764 obtentio
814 715 920 766 Neronis
932 716 956 765 in
968 717 1047 765 urbem
1060 725 1170 765 convectu
1182 726 1204 765 et
1220 718 1245 766 in
1256 717 1328 767 sella·

205 801 247 850 riis
265 799 346 849 domus
361 816 449 848 aureae
465 799 586 864 disposita.
614 800 657 851 Sic
672 801 826 851 Vossianus:
844 801 934 864 vulgo,
952 817 1057 864 quaeqae
1077 801 1102 850 in
1124 802 1179 849 urbe
1201 802 1327 852 incusant.

206 885 256 936 Sed
268 885 324 948 quis
337 900 389 934 nou
400 887 477 946 videt,
489 901 566 948 quam
580 886 625 934 illa
637 886 687 936 sint
699 885 872 949 supervacua?

559 1083 626 1148 AD
649 1083 766 1149 LIBR.
788 1083 980 1149 XXXVII.

241 1223 318 1287 [Cur.
331 1227 364 1276 X.
380 1223 432 1287 [60‚
448 1221 507 1285 168]
521 1223 637 1273 Humana
648 1224 744 1288 qemmis
757 1225 866 1272 attribuit
874 1225 945 1288 sata.
964 1222 1008 1271 bas
1020 1239 1066 1272 non
1078 1222 1208 1286 contentas]
1229 1225 1327 1275 Snlnra·

205 1312 255 1361 sius
271 1311 303 1360 ad
316 1310 432 1359 Solinum
448 1325 473 1372 p.
486 1312 544 1357 408.
562 1309 613 1370 legi
630 1310 767 1371 praecipit:
785 1307 891 1356 bantana
906 1307 1004 1372 pemrnis
1021 1307 1152 1356 attribuens
1161 1310 1250 1372 facto;
1267 1308 1328 1357 loric

165 1406 168 1410 ’
205 1411 251 1443 rron
263 1401 380 1442 sarmentus
392 1391 507 1441 oculorum
520 1400 543 1439 et
554 1392 681 1440 iocinerum
693 1391 809 1441 medicina
821 1391 951 1454 decorasse,
968 1409 985 1439 a
1000 1407 1054 1456 reqe
1071 1392 1143 1440 etiam
1160 1392 1253 1456 aliquid
1265 1394 1327 1456 peti-

206 1478 266 1526 turis
283 1476 348 1526 dedit
364 1484 386 1523 et
403 1475 482 1524 litibus
499 1474 641 1538 iudiciisque
658 1476 804 1539 interposuit.
824 1477 910 1537 Quasi,
928 1478 1017 1540 inquit,
1035 1485 1060 1526 et
1077 1491 1192 1540 gemmae
1209 1479 1327 1526 humanis

205 1563 278 1619 factis
296 1569 446 1610 censeantur
467 1568 492 1608 et
512 1560 579 1609 idem
597 1561 695 1623 possint
711 1569 838 1623 praestare
861 1564 929 1625 quod
947 1563 1073 1623 hominem
1094 1564 1161 1611 hanc
1177 1565 1283 1611 eandem
1300 1565 1327 1611 in

206 1647 302 1696 iudiciis
314 1645 421 1694 multum
440 1659 513 1708 posse
531 1652 556 1692 et
572 1644 696 1707 petituros
708 1645 804 1707 aliquid
820 1659 836 1692 a
851 1659 912 1707 rege
925 1649 1102 1695 commendare
1113 1647 1219 1695 tradidit.
1237 1646 1327 1709 Neque

206 1745 266 1780 sane
280 1731 353 1778 aliter
364 1738 423 1788 tres,
437 1728 480 1791 qui
492 1729 555 1777 mihi
567 1730 614 1777 sub
626 1743 714 1783 manu:
729 1738 754 1778 et
766 1746 816 1778 non
829 1731 871 1779 hic
883 1733 967 1791 modo,
980 1731 1022 1779 sed
1036 1731 1113 1779 etiam
1124 1731 1210 1779 statim
1221 1731 1245 1779 in
1255 1748 1327 1794 proe-

131 1818 137 1825 '
207 1813 246 1863 liis
259 1815 329 1863 etium
342 1830 372 1861 eu
384 1829 413 1862 ea
425 1813 484 1877 unpi
492 1811 598 1861 salutare
612 1813 775 1876 pronuntiant.
794 1814 871 1874 Quod
888 1815 971 1877 ipsum
988 1816 1037 1864 iam
1051 1816 1149 1863 editum
1163 1816 1189 1864 in
1205 1817 1326 1878 margine,

205 1907 234 1949 ut
246 1908 271 1948 et
282 1898 334 1958 illa,
349 1912 413 1961 quae
424 1896 535 1961 praefert
547 1897 694 1947 Salmasius.
713 1900 747 1947 Et
759 1909 858 1948 caetera
870 1898 945 1948 facile
958 1899 1113 1948 admiserim:
1132 1907 1158 1948 at
1170 1901 1212 1949 ubi
1226 1902 1325 1962 quaem'·

205 1992 253 2041 tur,
265 1991 349 2032 utrum
359 1981 421 2043 fata
433 1983 465 2030 sit
475 1982 635 2045 probandum
648 1997 680 2031 an
690 1983 772 2044 sacta,
785 1991 900 2032 nontam
913 1982 1065 2045 promiscuis
1078 1983 1236 2042 membranis,
1250 1997 1326 2044 quam

205 2068 296 2116 rationi
309 2075 334 2115 et
345 2066 467 2114 materiae
480 2066 547 2114 dicto
559 2067 663 2116 audiens
675 2065 774 2115 luerim.
792 2067 864 2116 Nihil
877 2068 943 2116 enim
955 2066 1109 2130 frequentius
1122 2067 1233 2126 inventu,
1251 2081 1326 2127 quam

206 2153 268 2200 haec
281 2154 330 2200 duo
342 2151 466 2200 vocabula
477 2151 607 2200 miscuisse
620 2151 744 2211 librarios,
762 2159 786 2200 et
801 2153 829 2200 in
844 2160 901 2200 utro
919 2153 1131 2214 conquiescerent,
1148 2151 1257 2200 incertos
1275 2167 1326 2199 ecr-

205 2247 279 2285 tasse.
297 2236 367 2296 Ergo
379 2251 457 2298 quum
469 2249 589 2298 praesens
601 2243 779 2297 argumentum
792 2236 933 2298 considero,
945 2235 1009 2284 nihil
1024 2237 1087 2284 mihi
1100 2249 1158 2283 cum
1168 2234 1247 2296 suetis
1259 2236 1326 2284 istis:

197 2320 259 2382 sota
275 2327 360 2368 eutem
377 2320 505 2384 scripsisse
517 2320 629 2383 Flinium
645 2335 690 2383 pro
708 2320 845 2383 explorato
863 2321 951 2369 habeo.
977 2319 1042 2369 Sunt
1059 2320 1126 2368 enim
1142 2334 1326 2381 nonnunquam

196 2406 259 2466 fata
272 2420 344 2454 casus
357 2412 382 2453 et
394 2412 498 2453 eventus
510 2403 617 2464 fortuiti,
636 2405 679 2466 qui
691 2405 733 2452 vel
745 2419 777 2452 ex
790 2405 913 2453 sententia
930 2403 970 2452 vel
983 2419 1056 2453 secus
1068 2403 1215 2452 hominibus
1229 2404 1326 2452 contin-

204 2499 275 2550 gunt,
288 2503 320 2537 ex
333 2489 423 2552 quibus
436 2488 559 2537 fortunati
571 2496 614 2537 aut
625 2488 738 2536 infelices
750 2489 827 2550 vulgo
841 2489 991 2537 iudicantur.
1010 2488 1105 2536 Notare
1117 2488 1198 2536 multa
1211 2495 1249 2536 est
1262 2488 1326 2535 eius-

204 2574 261 2622 dem
278 2574 397 2622 vanitatis
412 2574 630 2635 magorumapud
646 2582 770 2621 nostrum.
794 2572 835 2621 Sic
847 2573 889 2621 lib.
904 2578 944 2632 21,
959 2576 972 2622 7
987 2570 1039 2632 [20‚
1053 2569 1110 2632 43]:
1130 2571 1237 2620 Vestibus
1255 2569 1327 2616 inter-

202 2656 261 2720 poni
271 2673 321 2704 eam
333 2655 502 2719 potissimum,
519 2655 581 2702 sicut
591 2663 613 2702 et
627 2655 708 2717 polion
720 2655 815 2703 herbam
833 2655 938 2703 inclitam
950 2655 1049 2702 Musaei
1059 2663 1081 2701 et
1091 2653 1200 2703 Hesiodi
1209 2638 1326 2713 laudibus,

204 2740 239 2789 ad
254 2741 332 2788 omnia
347 2738 426 2788 adlem
439 2736 638 2801 praedicantium,
657 2753 772 2800 superque
788 2746 883 2785 caetero
898 2736 933 2785 ad
947 2738 1040 2796 farriam
1058 2737 1128 2784 etium
1145 2753 1175 2784 ac
1192 2735 1327 2800 diqnitates.

203 2826 302 2874 Eodem
314 2825 379 2872 libro
393 2834 447 2887 cap;
463 2827 490 2871 11
507 2820 560 2884 [³8,
574 2820 631 2883 66]:
647 2820 792 2870 Couliculum
804 2837 894 2884 quoque
906 2818 996 2882 (habet
1008 2820 1198 2885 heliochrysos)
1207 2823 1327 2885 pracilem,

203 2907 246 2957 sed
257 2907 348 2956 durum.
367 2902 409 2956 boc
421 2921 537 2969 coronare
548 2922 573 2957 se
585 2907 658 2970 mapi,
673 2904 697 2954 si
711 2914 733 2954 et
749 2913 868 2970 unquentis
885 2914 1009 2954 sumumur
1025 2922 1054 2954 eu
1072 2923 1139 2967 auro,
1158 2906 1221 2968 quod
1236 2924 1327 2972 apyron

204 3000 295 3054 uocant,
313 2990 347 3040 ad
361 2990 568 3056 qratiam-quoque
580 2989 643 3038 uitae
654 2989 802 3054 pluriumque
814 2989 934 3053 pertinere
946 2989 1101 3038 arbitrantur.
1120 2991 1217 3040 Rursus
1236 2993 1326 3040 eodem

203 3078 269 3127 libro
282 3091 336 3141 cap.
350 3083 380 3125 21
396 3075 449 3137 [91,
465 3073 524 3136 159]
539 3076 695 3130 dehelenio:
712 3075 805 3124 Putant
817 3091 859 3123 usu
871 3075 920 3122 eius
932 3073 1052 3136 quondam
1064 3074 1168 3138 qratiam
1181 3074 1212 3122 iis
1225 3072 1327 3136 (mulie-

204 3159 285 3223 ribus)
298 3177 447 3224 veneremque
459 3158 589 3208 couciliari.
609 3159 709 3210 Chiflet.
720 3168 745 3208 at
753 3161 830 3209 Voss.
844 3157 964 3221 quandam
976 3159 1011 3228 ita
1021 3159 1136 3222 qratiam.
1155 3159 1238 3221 Lege:
1251 3175 1326 3220 quan-

204 3245 260 3295 dam
272 3247 333 3295 vitae
343 3245 457 3310 qratiam.
475 3245 532 3296 Lib.
546 3249 585 3305 24,
601 3247 630 3292 17
646 3243 717 3306 [toa
733 3242 805 3305 165]:
822 3241 931 3291 Eandem
943 3243 1121 3306 protomediam,
1140 3260 1188 3306 qua
1198 3243 1327 3306 primatum

195 3329 270 3394 *apud
281 3347 347 3394 repes
359 3331 484 3379 obtineant.
502 3330 559 3378 Lib.
573 3334 613 3389 28,
627 3336 641 3378 8
656 3326 708 3390 [27,
723 3327 795 3390 106]:
809 3327 887 3390 Super
899 3327 977 3376 omniu
990 3336 1030 3387 est,
1043 3327 1107 3390 quod
1118 3335 1246 3374 extremam
1253 3329 1327 3388 fistu-

205 3414 253 3464 lam
265 3414 370 3463 intestim'
379 3422 462 3463 contra
473 3411 556 3461 ducum
568 3429 598 3460 ac
610 3420 754 3475 potestatum
771 3413 918 3475 iniquitatem
935 3408 1119 3460 commonstrant
1131 3420 1152 3459 et
1164 3408 1198 3458 ud
1208 3427 1327 3459 successus

201 3498 340 3562 petitionum
349 3496 534 3560 iudiciorumque
543 3514 573 3546 ac
583 3497 656 3546 litium
667 3483 768 3546 euentus.
779 3499 835 3547 Lib.
844 3503 883 3555 29,
892 3507 906 3546 4
915 3495 967 3559 [19,
976 3495 1019 3558 66]
1028 3517 1033 3546 :
1048 3497 1166 3546 Tribuant
1174 3497 1197 3544 ei
1205 3495 1326 3559 (basilisci

206 3582 335 3647 sanguini)
345 3592 368 3631 et
375 3599 492 3632 successus
503 3581 641 3646 petitionum
655 3598 671 3629 a
681 3583 844 3645 potestatibus.
862 3582 928 3630 Mox
938 3580 991 3642 [20,
1003 3579 1060 3642 67]:
1070 3582 1177 3631 Primum
1189 3579 1327 3645 spondylum

206 3665 348 3728 (draconis)
360 3665 440 3716 aditus
453 3668 595 3730 potestatum
607 3664 713 3715 mulcere.
732 3667 822 3714 Dentes
834 3665 883 3715 eius
895 3664 1002 3729 illiqutos
1010 3664 1112 3728 pellibus
1125 3681 1264 3727 caprearum
1277 3681 1327 3712 cer-

206 3753 267 3801 vinis
284 3753 361 3801 neruis
377 3752 443 3801 mites
457 3760 584 3815 praestare
600 3748 705 3798 dominos
718 3758 891 3813 potestatesque
907 3749 1043 3798 exorabiles.
1070 3751 1183 3799 Hoccine
1202 3758 1229 3798 tu
1251 3750 1327 3808 dices,

206 3837 297 3895 herbis,
314 3837 429 3899 gemmis,
446 3837 559 3900 partibus
572 3837 684 3899 corporis
701 3835 849 3883 animalium
867 3833 967 3881 attribui
981 3832 1085 3882 bumana
1094 3834 1188 3895 factu?
1206 3833 1264 3883 Non
1279 3847 1327 3894 ego

206 3921 329 3982 prolecto,
348 3923 391 3970 sed
400 3921 473 3982 foto:
491 3922 517 3968 id
535 3929 581 3980 est,
599 3928 627 3968 ut
641 3935 740 3983 pereas
757 3934 879 3981 gemmas,
896 3919 987 3967 herbas
1004 3926 1051 3966 etc.
1069 3924 1184 3965 votorum
1197 3923 1328 3978 compotes
1383 3960 1386 3966 .

206 4005 276 4064 fiant,
294 4014 329 4063 ut,
347 4020 453 4068 equorum
471 4005 565 4068 alioqui
582 4005 703 4065 ambigua
718 4005 791 4053 lance
808 4003 902 4066 pendet
918 4017 974 4065 spes
991 4010 1016 4050 et
1032 4001 1142 4059 fortuna,
1164 4001 1193 4048 iis
1214 4015 1259 4064 per
1279 4001 1328 4048 ista

206 4098 363 4137 momentum
377 4091 479 4138 accedat
491 4091 524 4137 ad
535 4091 615 4138 bonos
628 4097 732 4137 eventus
745 4103 839 4147 eorum,
857 4101 922 4150 quas
940 4087 1086 4145 moliuntur,
1106 4093 1181 4147 atque
1199 4087 1230 4133 ad
1243 4083 1328 4132 fruen-

132 4231 137 4242 ,
208 4173 268 4219 dum
282 4174 382 4234 optatis.
402 4173 443 4222 Sic
454 4175 574 4224 Lucanus
585 4173 629 4223 lib.
643 4180 657 4222 2
672 4170 718 4232 [vs.
736 4169 808 4232 131J:
