2918 4794
169 262 208 324 28
660 281 801 325 cuonem

167 431 237 481 octbr
249 429 396 492 πυκτεύων,
413 428 457 480 nal
469 426 597 493 μάλιστα,
616 428 702 481 ὁπόσα
720 429 771 482 ὑπὸ
784 431 833 482 τοῦ
846 426 991 496 Βέβρυκος
1001 423 1114 492 Ἀμύκου
1127 429 1238 499 ἐτρώθη
1251 431 1292 499 τῷ

164 506 267 564 Ἰάσονι
279 511 430 576 συμπλέων.

106 602 152 649 781
201 599 265 651 cin.
278 602 338 651 XX.
352 599 405 662 [80,
421 597 481 661 136]
507 597 551 650 Vel
567 598 663 649 decocta
674 599 709 649 ud
724 598 935 665 stranpulotiones]
953 602 1030 652 Voss.
1041 599 1210 666 stranpularsb.
1228 602 1288 652 Duc
1343 634 1347 643 ·

166 684 223 745 1111,
240 686 320 735 Acce.
337 693 363 734 11
379 683 446 735 ouo.
464 683 634 747 ctranpulares.
657 686 741 748 Lege,
758 684 929 749 stranpulatus.
951 686 1043 735 Paullo
1061 696 1129 748 post:
1158 683 1289 735 Vatinium

166 783 256 831 quoque
272 767 443 833 stranpulatus.
467 768 510 818 Sic
528 769 572 817 lib.
596 775 641 829 22,
663 775 693 819 13
710 768 764 831 [15,
782 768 841 831 32];
863 768 947 820 Sumen
962 776 1043 833 potum
1060 785 1111 817 cum
1126 784 1189 832 sapa
1205 767 1290 819 vulvas

165 851 342 917 stranpulantes
357 850 443 916 aperit.
463 852 537 902 chifl.
551 859 576 901 ct
587 853 663 902 Voss.
676 850 768 901 vulvam
787 851 967 916 stranpulantis.
984 853 1066 903 Aced.
1084 851 1166 901 vulvas
1177 860 1288 918 11111191.

167 935 238 986 latas.
261 937 359 986 Verum
380 937 492 997 videtur,
514 934 598 984 uuluae
611 935 784 1000 stranpulatus.
806 939 976 998 11111.26,15
996 935 1055 1000 [30,
1075 936 1148 999 153]1
1165 936 1288 1003 Plentapo

165 1020 295 1085 apponitur
305 1020 330 1069 in
343 1019 401 1069 lanu
412 1020 437 1069 in
449 1018 529 1069 dolore
540 1018 638 1082 uuluam
651 1020 677 1069 in
688 1020 839 1085 stranpulatu
851 1021 943 1071 bibitur.

200 1102 254 1168 [st,
269 1103 329 1166 138]
354 1102 483 1169 Crapubim
499 1121 545 1153 non
560 1104 670 1166 sentiunt,
686 1104 796 1154 ebrietati
812 1121 839 1154 eo
855 1103 977 1167 resistunt]
1002 1107 1071 1156 Illud
1088 1123 1114 1155 eo
1129 1121 1184 1156 non
1195 1118 1250 1156 esso
1262 1105 1288 1154 in

165 1191 243 1240 veteri
259 1191 348 1240 codice
363 1197 437 1239 111111
453 1190 597 1252 Pinianus,
620 1191 686 1239 circe
704 1192 754 1240 duo
767 1192 845 1240 verbo
857 1192 931 1241 delet.
953 1192 1028 1242 Voss.
1050 1189 1099 1248 ont
1113 1205 1204 1239 cocum
1219 1188 1288 1253 prius

166 1273 273 1336 biberint,
286 1273 409 1338 crapulam
422 1290 467 1322 non
479 1273 584 1341 sentient,
603 1274 713 1323 ebrietati
724 1274 838 1325 resistent.
862 1276 916 1326 Nec
929 1277 1064 1326 delendum
1075 1282 1205 1339 presteras
1216 1276 1287 1338 quid·

165 1373 243 1421 quem
261 1373 403 1409 censemus:
426 1361 470 1410 scd
486 1374 512 1406 eo
529 1364 554 1407 et
572 1366 681 1421 quotuor
697 1358 739 1406 elii
752 1359 856 1408 eiurent.
878 1358 935 1409 Lib.
949 1365 990 1420 36,
1003 1365 1036 1408 22
1053 1357 1107 1420 [43,
1123 1357 1195 1420 163]1
1207 1357 1255 1407 Est
1265 1365 1288 1406 ct

165 1441 252 1491 uiridis
264 1441 327 1506 lepis
338 1442 482 1491 uehementer
492 1441 544 1506 ipni
553 1440 670 1490 resistens.

201 1523 254 1588 [86,
275 1525 335 1588 143]
365 1522 453 1575 Contra
475 1525 535 1574 ictus
558 1541 639 1574 eurum
661 1541 830 1590 vesparumque
852 1535 875 1575 et
897 1523 1050 1587 araneorum]
1078 1527 1155 1576 Voss.
1177 1527 1287 1576 auctior:

166 1627 246 1660 carum
259 1626 427 1674 vesparumque
439 1618 461 1658 et
472 1608 592 1670 similium,
608 1609 669 1658 sicut
680 1626 829 1660 ereticorum.
845 1611 889 1661 lib.
902 1617 942 1673 23,
957 1614 969 1662 7
989 1608 1043 1672 [23,
1056 1607 1100 1670 63]
1118 1624 1288 1674 vesparumque

167 1703 190 1745 et
199 1693 310 1744 similium
322 1693 422 1743 venenis.
440 1695 544 1745 Notavit
556 1702 581 1744 et
592 1695 734 1744 Pintiuuus.

199 1779 263 1830 GAP.
281 1779 355 1829 XXL
373 1777 426 1840 [89‚
442 1775 502 1839 156]
526 1776 630 1827 Prodest
647 1786 670 1826 et
686 1777 842 1842 orthopnoicis
864 1786 887 1826 11
904 1775 1060 1839 anhelitioni]
1083 1778 1160 1828 Voss.
1176 1785 1199 1826 et
1215 1774 1287 1826 itane·
1354 1782 1359 1789 '

165 1862 255 1913 latoris.
274 1863 368 1923 Scribe,
387 1859 569 1910 anhelatoribus.
589 1862 657 1912 Puta
674 1858 855 1922 πνευματίαις.
874 1862 931 1911 Lib.
944 1869 985 1924 22,
998 1868 1030 1912 34
1044 1860 1098 1924 [43,
1113 1859 1187 1922 105]1
1204 1859 1286 1909 Anhc·

165 1947 279 1997 latoribus
288 1954 311 1995 et
322 1946 346 1995 in
359 1947 418 1994 tussi
427 1953 518 1994 vetusta
529 1961 579 1994 cum
589 1962 663 2009 porro
672 1962 701 1994 ex
713 1954 778 1995 aceto
788 1945 867 1996 datur.
880 1948 936 1996 Lib.
947 1953 987 2008 23,
1001 1950 1013 1998 7
1028 1944 1082 2008 [63,
1095 1944 1167 2008 121]1
1184 1945 1284 1996 Vesicae

164 2049 256 2096 semper
268 2030 332 2082 utilis
344 2038 367 2079 et
378 2030 552 2079 anhelatoribus
564 2046 593 2078 ac
605 2030 746 2094 suspiriosis.
765 2032 822 2080 Hoc
835 2047 937 2095 quoque
948 2031 1088 2081 Pintianus.

199 2114 327 2203 [11157]
350 2112 516 2165 Oonendicibus
533 2114 660 2178 imponitur
676 2123 699 2163 11
715 2114 897 2177 articularibus]
922 2115 964 2166 Sic
981 2115 1110 2167 Gelenius.
1133 2115 1286 2166 Vossianus:

163 2196 326 2251 coxendicibus
347 2199 474 2264 imponitur
496 2216 548 2248 cum
570 2199 635 2261 vino,
657 2199 797 2249 articularis
819 2200 903 2250 morbis
925 2208 948 2249 et
965 2199 1053 2249 lunatis
1072 2200 1150 2249 tritum
1168 2216 1198 2248 uc
1215 2198 1287 2248 lenae

163 2287 294 2351 inspersum
311 2285 412 2347 111111,
430 2286 542 2334 ambustis
557 2302 607 2334 cum
625 2284 697 2350 adipe
707 2284 785 2335 suillo.
808 2287 936 2350 Pleraque
952 2287 1046 2336 horum
1062 2286 1115 2335 inm
1130 2286 1157 2334 in
1174 2286 1286 2335 medium

164 2371 286 2421 dederunt
298 2386 331 2421 ex
347 2370 457 2432 ohiflct,
471 2386 524 2420 non
536 2369 686 2431 articulares,
702 2371 730 2420 iu
745 2371 879 2434 Andcguv.
898 2386 1000 2434 quoque
1017 2371 1195 2434 conspicuum,
1216 2370 1286 2432 quod

162 2456 276 2505 revocari
290 2456 390 2517 flagitat
407 2453 562 2516 articulariis,
578 2456 697 2505 Pintienc
714 2457 765 2506 iam
777 2464 903 2505 notatum.
927 2455 1018 2519 Cupite
1034 2453 1203 2519 praecedenti:
1225 2452 1286 2501 arti·

163 2538 266 2588 1111νί11
277 2539 368 2587 morbos
379 2537 455 2588 sedat.
474 2540 517 2589 Sic
534 2547 558 2589 ct
574 2541 618 2589 lib.
632 2545 673 2601 22,
686 2545 719 2589 24
732 2539 785 2602 [54,
800 2538 875 2601 115];
887 2539 941 2588 item
955 2537 1096 2588 articulario
1107 2538 1187 2587 morbo
1198 2545 1221 2586 11
1232 2553 1285 2586 ner-

163 2638 242 2672 uorum
254 2621 392 2686 irpirmitute
404 2620 572 2671 biberantibus.
584 2623 641 2673 Lib.
654 2629 695 2684 25,
709 2628 722 2671 5
737 2622 790 2685 [22,
805 2621 849 2685 54]
858 2642 864 2672 :
873 2622 993 2688 podapris
1004 2622 1127 2684 veteribus,
1139 2618 1286 2670 articulariis

162 2706 255 2755 morbis.
272 2706 329 2756 Lib.
347 2713 434 2768 28,16
452 2704 505 2767 [62,
518 2705 593 2768 223];
618 2706 730 2757 Varicum
747 2706 839 2755 dolores
855 2706 924 2756 sedat
935 2709 996 2772 fimi
1007 2707 1081 2757 'uituli
1095 2706 1155 2757 cinis
1171 2720 1222 2756 cum
1240 2704 1287 2755 lilii

164 2789 239 2841 bulbis
251 2789 364 2851 decoctus,
380 2788 464 2838 addito
475 2788 541 2838 melle
553 2789 657 2841 modico:
678 2790 733 2839 item
751 2791 830 2841 omnio
841 2791 991 2854 irfiammatu
1001 2800 1024 2841 et
1034 2790 1227 2857 suppurationes:
1242 2788 1287 2839 secl

159 2873 277 2939 podapm's
293 2882 316 2922 et
332 2873 477 2924 articulariis
490 2874 586 2936 morbis,
605 2891 617 2923 e
633 2875 740 2924 maribus
754 2876 883 2941 praecipue
898 2876 985 2927 vitulis.
1008 2879 1049 2928 Ite
1064 2877 1132 2927 enim
1146 2877 1182 2926 ibi
1198 2877 1285 2938 legen·

163 2963 231 3010 dum.
250 2975 309 3010 nam
326 2961 404 3023 vulgo
421 2960 574 3010 iuteriiciunt
590 2962 638 3010 nin
653 2962 789 3022 vocabula,
808 2950 933 3011 minantia.
950 2959 1045 3010 Eadem
1061 2976 1106 3023 res,
1125 2975 1191 3024 quae
1206 2958 1284 3010 Mss.

162 3046 289 3108 ignorent.
307 3045 474 3096 continenter
485 3045 637 3096 Vossianus:
655 3046 835 3110 suppurationes
846 3054 869 3094 11
877 3045 1001 3111 poclapris.
1019 3047 1077 3096 Lib.
1090 3050 1131 3107 32,
1144 3052 1160 3095 4
1174 3043 1228 3106 [14,
1238 3040 1283 3105 33]

160 3129 286 3195 paralysin
302 3138 324 3178 et
339 3127 490 3178 articularios
507 3130 598 3178 morbos
614 3130 770 3186 sentientibus.
798 3133 831 3181 Et
851 3132 892 3180 his
913 3131 1016 3193 quidem
1036 3132 1102 3180 locis
1123 3131 1187 3181 salvi
1207 3130 1285 3178 etiem

161 3216 259 3279 vulgati
271 3217 376 3266 codices.
393 3214 444 3265 Scd
455 3222 481 3264 11
493 3215 528 3264 111
539 3215 676 3277 legendum
691 3216 735 3264 lib.
749 3221 790 3276 22,
808 3221 838 3265 13
852 3213 905 3276 [15,
918 3213 977 3276 34];
996 3213 1152 3263 Articubniis
1164 3213 1251 3262 morbis
1262 3220 1286 3261 et

159 3298 277 3363 podapris
291 3298 397 3362 plurimi.
415 3299 554 3358 111111
571 3295 696 3360 [12,16];
721 3297 781 3348 Itern
796 3297 953 3360 carbunculis,
971 3297 1118 3348 articulariis
1135 3297 1227 3348 morbis.
1249 3298 1286 3347 Et

163 3389 244 3447 cap.3
262 3381 315 3444 [37,
330 3380 372 3443 75]
389 3381 507 3446 podapris
524 3381 701 3445 incipientibus,
718 3382 773 3431 item
790 3381 938 3432 articulariis
955 3382 1048 3433 morbis.
1070 3385 1104 3433 Et
1120 3389 1134 3432 3
1154 3378 1283 3444 [81,162]

162 3465 308 3516 articuhtriis
328 3465 415 3515 morbis
432 3474 454 3514 et
471 3465 648 3516 collectionibus.
671 3468 728 3518 Lib.
742 3473 782 3528 28,
796 3473 811 3516 3
830 3465 959 3529 [33,127]
982 3466 1007 3515 in
1024 3465 1103 3530 lepris,
1119 3464 1285 3530 elephantiasi,

162 3551 307 3600 articulariis
318 3551 410 3600 morbis.
427 3551 483 3601 Lib.
493 3557 534 3612 31,
545 3558 559 3600 6
571 3550 624 3613 [33,
632 3550 676 3613 64]
689 3552 714 3600 in
727 3551 833 3600 mnesmis
844 3550 1035 3615 articulariisque
1047 3550 1140 3599 morbis.
1151 3550 1209 3600 Lib.
1219 3555 1284 3612 32,3

163 3637 216 3702 [36,
231 3636 430 3701 llo]:podapris
442 3634 631 3698 erticuhtriisque
643 3635 730 3685 morbis
742 3635 799 3685 utile
810 3645 844 3685 est
856 3635 938 3686 oleum.
951 3637 1076 3688 Omnibus
1088 3637 1156 3685 enim
1167 3635 1208 3685 his
1219 3635 1285 3686 locis

161 3723 391 3788 praestantissimus
407 3723 471 3772 liber
486 3720 634 3772 articularis.
660 3721 702 3772 Sic
715 3730 740 3771 11
752 3723 841 3772 eodem
859 3736 915 3786 cup.
928 3728 951 3772 9.
968 3723 1011 3771 lib.
1024 3727 1057 3770 32
1075 3719 1129 3782 [31,
1142 3717 1186 3781 36]
1205 3719 1285 3768 morbo

161 3808 233 3872 repio,
246 3806 393 3868 articulario,
407 3805 574 3869 inlationibus,
587 3809 693 3857 eusdem
705 3807 876 3869 membranae,
892 3807 936 3857 ubi
948 3807 1034 3869 vulgo,
1051 3802 1186 3854 articubtri.
1203 3805 1284 3854 Deni-

161 3906 212 3954 que
228 3893 312 3941 statim
331 3900 391 3956 post
406 3894 482 3941 verbe
499 3906 513 3940 1
528 3907 583 3955 cap.
596 3898 636 3942 21.
654 3893 730 3942 huius
746 3893 803 3942 libri
820 3893 961 3956 proposito:
979 3888 1051 3940 Doni
1061 3897 1084 3938 11
1093 3889 1210 3953 potionem
1222 3887 1284 3937 arti-

162 3975 251 4024 cularis
268 3976 331 4025 bortis
348 3976 417 4024 trium
434 3974 552 4025 obolorum
565 3975 669 4041 pondere
685 3976 710 4024 in
727 3976 802 4025 tribus
818 3975 911 4041 cyathis
927 3974 990 4024 aceti
1006 3982 1028 4023 et
1044 3973 1126 4037 mellis,
1144 3973 1168 4021 in
1176 3970 1285 4037 fastidio

163 4058 242 4107 tritum
254 4076 304 4108 cum
316 4060 374 4110 sale.
392 4061 436 4114 Sic
447 4061 502 4111 MS.
515 4063 598 4123 Forte,
613 4060 762 4111 articulariis
773 4061 847 4111 nouis.

197 4141 251 4204 [32,
266 4144 324 4208 160]
348 4144 409 4194 Usus
420 4153 455 4194 est
469 4152 493 4193 et
501 4144 585 4208 foliis]
603 4146 679 4198 Voss.
696 4148 797 4196 unicus:
820 4145 882 4195 Usus
898 4153 921 4194 et
930 4143 1011 4209 foliis.
1029 4145 1083 4195 sine
1101 4145 1186 4195 verbo.
1206 4143 1284 4204 Dein,

161 4226 315 4293 orthopnoene
326 4229 406 4282 uulsis.
424 4233 506 4295 Lege:
524 4230 687 4296 orthopnoeae,
700 4229 823 4282 conuulsis.
