2918 4794
93 278 96 283 ’
176 287 271 333 xxxu
613 284 857 329 Pnoutoouurts.

217 431 315 515 Quod
337 432 377 497 sd
398 432 507 497 literas
528 433 688 518 aspiratae
703 433 827 510 attinet,
852 455 890 499 ea
903 432 954 497 lex
968 434 1139 499 observata
1154 433 1292 511 videtur,

172 555 208 607 ut
242 543 345 609 tenuis
373 543 482 621 litera,
514 565 596 628 quae
624 567 734 609 vocem
763 542 890 627 incipit,
924 543 1086 608 interdum
1115 543 1292 628 aspiratur:

171 655 321 741 spleorrpis
348 676 407 739 pro
435 656 563 740 spoapis
591 677 624 739 p.
656 656 733 732 173,
758 655 816 731 20;
847 653 941 717 unica
968 653 1055 718 vocis
1081 653 1224 739 aspirata
1250 655 1292 719 ad

170 765 267 830 finem
287 765 434 850 ponitur:
464 766 652 830 sericatleum
673 787 732 852 pro
753 766 944 829 serichatum
965 786 997 849 p.
1021 765 1073 842 82,
1089 766 1127 840 8;
1154 764 1292 830 duarum

170 876 382 960 aspiraturum
404 875 439 939 in
459 898 524 940 una
544 897 621 941 vooe
643 874 802 960 posterior
822 874 856 938 in
878 887 1003 939 tenuem
1025 884 1181 939 mutatur:
1205 877 1291 941 tlteo·

164 998 297 1072 prastus
318 1009 350 1071 p.
375 987 446 1065 158,
470 988 520 1064 16,
542 987 721 1073 amphiloco
744 1008 775 1071 p.
800 987 872 1062 118,
896 986 925 1048 6.
961 985 1032 1061 170,
1056 986 1105 1048 19.

212 1098 225 1160 l
242 1097 327 1161 inter
341 1097 422 1162 duas
441 1095 565 1162 vocales
580 1097 631 1162 bis
651 1096 791 1182 ponitur,
808 1096 891 1161 conf.
906 1094 1034 1160 Latois.
1046 1095 1173 1159 Messes
1188 1118 1220 1181 p.
1236 1098 1288 1175 46,
1390 1097 1393 1103 ’

168 1205 261 1271 ouius
282 1207 508 1292 duplicationis
530 1229 627 1272 causa
648 1207 681 1271 in
703 1216 838 1272 accentu
859 1205 965 1291 posita
988 1226 1058 1270 esse
1074 1203 1212 1283 videtur,
1235 1208 1290 1291 qui

171 1317 343 1402 praecedit.
377 1316 501 1381 Eadem
529 1317 615 1381 enim
640 1316 764 1381 ratione
790 1317 895 1381 italice
917 1318 1034 1381 amello
1057 1314 1209 1381 scribitur
1231 1340 1290 1402 pro

170 1427 241 1490 amd
265 1429 305 1490 lo.
329 1425 470 1491 Plinisni
491 1426 612 1491 codicis
634 1427 781 1511 exempla
802 1437 893 1490 sunt:
922 1427 1086 1490 ballaenae
1107 1449 1138 1512 p.
1162 1428 1214 1506 60,
1237 1430 1289 1505 22,
1323 1466 1332 1473 ·

169 1537 351 1601 crocodillis
373 1559 405 1622 p.
430 1538 480 1615 58,
504 1539 555 1614 14,
578 1539 782 1603 camellorum
803 1558 835 1621 p.
859 1538 910 1612 94,
934 1537 984 1600 15.

217 1670 249 1709 m
277 1656 350 1711 ante
381 1649 413 1724 6,
440 1671 466 1733 p
494 1647 649 1712 omittitur
677 1647 758 1730 (vid.
780 1668 863 1730 quae
888 1669 919 1732 p.
949 1667 1035 1710 xxm
1063 1646 1102 1710 (16
1129 1649 1288 1734 scriptura

167 1757 277 1822 literae
298 1782 330 1820 m
354 1771 386 1822 et
407 1783 429 1821 u
451 1756 536 1822 dicta
562 1757 667 1843 sunt),¹
690 1758 816 1842 quade
840 1778 937 1820 causa
960 1757 1087 1844 triuplo
1109 1780 1141 1842 p.
1162 1759 1234 1836 207,
1255 1760 1285 1836 6,

38 1916 48 1936 .
168 1869 306 1933 labentia
328 1889 360 1953 p.
375 1869 427 1946 48,
449 1870 480 1945 4,
504 1869 761 1933 circumlabeuda
781 1867 883 1953 p.39,
900 1866 940 1930 15
963 1876 1149 1943 occurrunt3
1173 1867 1286 1949 vocali,

168 2001 250 2062 quae
264 1999 374 2045 vocem
384 1978 465 2057 finit,
485 1978 615 2042 additur
626 2002 668 2054 m,
680 1977 707 2041 si
719 1998 855 2060 sequens
866 1976 1058 2041 vocabulum
1069 1976 1181 2042 eadem
1195 1977 1288 2043 litera

166 2087 294 2172 incipit,
321 2087 386 2151 vid.
414 2110 446 2172 p.
471 2089 548 2164 104,
572 2090 601 2151 5.
636 2087 766 2166 140,1.
800 2086 958 2163 243,17;
992 2108 1050 2172 pro
1074 2088 1091 2150 b
1114 2089 1192 2174 ets
1214 2098 1285 2153 eto

166 2196 313 2283 ponitur,
342 2219 368 2261 e.
391 2220 423 2284 g.
447 2200 561 2272 cimam
590 2197 728 2282 (cibum)
750 2218 782 2281 p.
800 2198 855 2274 25,
878 2196 914 2273 3,
942 2197 1064 2262 merula
1092 2197 1225 2284 (ferula)
1252 2221 1284 2284 p.

168 2308 238 2382 168,
261 2309 290 2384 6,
314 2312 477 2373 aestimem
498 2307 684 2392 (aestivam)
707 2329 737 2391 p.
761 2307 812 2384 15,
836 2309 887 2372 22.

207 2443 228 2481 u
249 2419 406 2484 omittitur
428 2429 501 2482 ante
522 2445 557 2497 r,
570 2413 612 2495 s,
636 2431 648 2482 t
668 2417 769 2502 (conf.
797 2440 879 2501 quae
907 2418 947 2482 de
968 2417 1074 2483 verbis
1101 2419 1285 2503 compositis

166 2551 197 2612 p.
219 2550 303 2590 xm
326 2528 562 2611 disseruimus),
590 2538 626 2590 ut
652 2526 842 2590 afferamus:
875 2550 916 2589 reo
944 2530 1102 2611 reperitur
1123 2551 1154 2614 p.
1177 2530 1229 2606 35,
1253 2532 1283 2606 2,

164 2658 263 2699 meses
285 2658 317 2720 p.
340 2637 391 2711 19,
415 2637 465 2699 10.
494 2636 546 2711 17,
570 2636 600 2698 8.
627 2636 681 2709 41,
702 2637 733 2696 4.
761 2635 888 2710 46,19.
917 2636 968 2712 59,
993 2636 1043 2699 13.
1072 2639 1143 2717 156,
1167 2640 1196 2716 8,
1219 2662 1283 2705 me-

165 2769 275 2809 suram
296 2768 327 2830 p.
350 2746 403 2822 34,
428 2746 477 2810 18.
511 2745 562 2821 61,
587 2744 616 2806 6.
651 2743 702 2819 62,
726 2744 754 2806 6.
790 2744 936 2822 233,13,
965 2747 1100 2812 iumesos
1121 2770 1153 2833 p.
1177 2749 1228 2828 34,
1251 2751 1282 2828 3,

166 2858 306 2919 desantes
333 2876 365 2939 p.
390 2856 441 2930 62,
456 2856 515 2932 17,
550 2877 618 2917 mos
645 2854 768 2937 (mons)
796 2875 828 2938 p.
852 2854 925 2932 156,
949 2855 978 2931 6,
1002 2857 1079 2941 fros
1100 2880 1133 2943 p.
1157 2860 1208 2937 75,
1232 2862 1283 2937 24,

166 2965 380 3048 temporalibus
401 2987 432 3048 p.
457 2965 507 3040 71,
531 2963 560 3039 7,
582 2964 742 3028 inclinatis
764 2963 862 3050 (part.
885 2966 1006 3052 praes.)
1028 2989 1060 3050 p.
1083 2969 1157 3045 213,
1182 2972 1210 3047 1,
1232 2981 1282 3034 tu·

166 3076 211 3138 sis
226 3096 258 3159 p.
274 3075 347 3151 211,
363 3074 421 3150 20;
443 3072 595 3139 inseritur
608 3084 712 3139 autem
728 3084 800 3140 ante
823 3077 850 3152 t,
874 3101 901 3154 c,
924 3078 955 3155 d,
971 3100 1009 3163 p,
1032 3102 1084 3163 qu,
1105 3103 1131 3155 s,
1155 3091 1176 3156 t,
1199 3080 1282 3145 conf.

165 3182 294 3247 Latrim
309 3183 434 3249 Messeis
450 3206 483 3269 p.
498 3187 549 3262 47,
573 3186 861 3273 lemuaplzroaclitis
875 3209 907 3271 p.
923 3188 954 3263 8,
970 3189 1021 3265 17,
1045 3191 1233 3274 amynclauo
1248 3212 1281 3275 p.

168 3293 240 3370 200,
266 3294 316 3370 16,
340 3306 508 3380 conparate
529 3294 717 3381 (coquente)
739 3318 771 3381 p.
794 3297 871 3372 200,
894 3299 931 3372 2,
954 3297 1102 3382 elephans
1123 3322 1155 3384 p.
1178 3301 1229 3378 60,
1249 3302 1280 3378 3,

166 3414 328 3467 transtrore
343 3427 374 3490 p.
393 3405 464 3480 106,
480 3403 531 3479 23,
546 3408 694 3468 mentitur
708 3402 872 3488 (metitur)
888 3426 920 3486 p.
938 3407 1010 3483 192,
1027 3407 1056 3482 7,
1072 3413 1236 3474 semenstri
1248 3433 1281 3496 p.

166 3513 217 3589 73,
231 3515 282 3592 10,
304 3516 500 3578 tricecesimus
517 3535 547 3597 p.
569 3513 619 3588 13,
638 3511 667 3577 8.
691 3514 743 3589 37,
755 3514 786 3576 4.
799 3513 827 3575 6.
851 3514 1010 3591 38,1.11.
1034 3516 1086 3592 57,
1098 3517 1128 3593 3,
1145 3518 1281 3602 phasia-

164 3625 272 3709 tiprim
294 3645 326 3708 p.
350 3622 401 3698 99,
425 3623 456 3698 5,
479 3633 650 3686 vestustate
671 3644 703 3707 p.
721 3622 793 3699 191,
818 3623 874 3698 183
897 3645 956 3708 pro
977 3650 1009 3688 m
1029 3625 1209 3691 adhibitum
1230 3629 1280 3694 in-

163 3731 290 3797 venitur
311 3732 411 3817 (conf.
435 3753 518 3814 quae
540 3730 581 3795 (le
603 3729 779 3814 antiquiore
800 3733 976 3798 accusativi
996 3733 1098 3800 forma
1118 3760 1151 3822 p.
1173 3761 1281 3805 xxvm

167 3841 425 3937 diximus);lhuo
446 3839 615 3905 referenda
635 3851 685 3905 est
704 3840 797 3908 lectio
818 3847 1003 3909 venundatis
1024 3867 1055 3929 p.
1080 3847 1152 3923 195,
1175 3849 1226 3913 25.

201 3974 228 4034 p
250 3973 308 4036 pro
331 3952 349 4014 b
373 3950 711 4036 ponitur-praesertim
737 3961 813 4016 ante
836 3977 862 4030 s,
890 3965 1015 4039 opstare
1041 3977 1073 4040 p.
1096 3958 1152 4034 58,
1175 3960 1210 4034 9.;
1240 3958 1280 4023 (16

135 4112 138 4117 .
167 4059 286 4144 duplici
303 4084 329 4146 p
352 4060 435 4124 inter
449 4059 529 4124 dues
543 4060 681 4137 vocales,
704 4061 760 4124 ubi
774 4061 872 4149 vulgo
885 4063 1015 4128 unicum
1035 4064 1194 4143 scribitur,
1214 4067 1278 4132 vid.
