2918 4794
281 1957 388 2031 illum
414 1943 605 2055 exemplar
625 1955 919 2031 vetustissimum
937 1952 1101 2027 PLINI
1119 1966 1272 2026 naturae
1298 1953 1401 2027 listo-

282 2107 423 2182 ra'aram
449 2111 636 2202 exhibere,
670 2109 771 2207 quod
798 2133 891 2207 opus
925 2133 1050 2182 rerum
1081 2135 1172 2206 quas
1203 2117 1339 2182 tractat
1365 2117 1403 2180 et

17 2364 19 2376 ἱ
144 2267 196 2338 ’ζ
281 2263 460 2337 varietate
486 2274 523 2336 et
549 2263 732 2362 gravitate
759 2263 918 2354 excellit,
945 2261 1044 2335 idem
1068 2273 1193 2336 tamen
1210 2263 1305 2335 mira
1321 2272 1401 2335 tex·

279 2424 340 2489 tus
368 2415 633 2513 depravatione
658 2417 815 2507 laborat,
848 2441 982 2512 operae
1008 2417 1169 2513 pretium
1194 2413 1403 2502 videbatur,

282 2567 313 2639 si
338 2568 400 2639 vel
424 2567 578 2674 minima
604 2591 698 2662 quae
723 2567 879 2662 reperiri
903 2575 1059 2663 possent
1074 2563 1307 2661 palimpsesti
1333 2563 1403 2636 fra·

188 2703 193 2709 ¹
282 2728 433 2819 gmenta
458 2719 499 2791 in
520 2720 641 2792 lucem
657 2720 923 2816 proferrentur.
952 2712 1061 2804 Quod
1079 2716 1274 2789 eonsilium
1292 2713 1404 2807 TIBI,

281 2870 339 2943 vir
356 2873 517 2946 maxime
536 2871 701 2963 colende,
720 2870 860 2968 aperui,
879 2868 988 2942 simul
1006 2867 1069 2941 TE
1086 2870 1228 2968 rogavi,
1246 2881 1288 2943 ut
1306 2868 1404 2943 codi-

281 3022 333 3095 cis
347 3023 447 3097 illius
465 3050 619 3098 usuram
637 3046 838 3119 eorumque
857 3047 950 3119 quae
963 3021 1050 3095 inde
1067 3048 1275 3122 promerem
1293 3021 1403 3096 eden-

283 3173 415 3248 dorum
441 3178 657 3250 facultatem
679 3174 918 3267 concederes3
944 3201 1164 3274 persuasum
1182 3186 1306 3250 autem
1324 3185 1405 3248 erat

282 3323 346 3399 ΤΕ
373 3352 442 3424 pro
475 3352 619 3400 summa
645 3325 749 3400 TUA
774 3328 1006 3402 humanitate
1039 3338 1150 3424 atque
1181 3328 1330 3424 prolixa
1363 3327 1404 3397 li-

280 3487 380 3552 teras
414 3478 570 3552 iuvandi
600 3482 794 3554 voluntate
825 3481 1060 3579 propositum
1094 3504 1218 3552 meum
1244 3504 1321 3552 non
1349 3503 1404 3550 so·

281 3631 357 3704 lum
385 3632 640 3728 probaturum,
677 3633 743 3707 sed
778 3634 889 3706 etiam
925 3634 1026 3707 omni
1050 3631 1164 3706 modo
1191 3632 1406 3705 adiuturum

282 3805 373 3854 ease.
417 3780 547 3881 Neque
573 3786 665 3859 haee
690 3812 749 3860 me
776 3810 861 3883 spes
888 3787 1030 3859 fefellit.
1075 3783 1210 3858 Statim
1241 3784 1406 3858 codicem

281 3933 372 4005 mihi
404 3936 539 4009 misisti
573 3939 859 4037 facultatemque
897 3938 1033 4011 edendi
1069 3963 1213 4010 summa
1245 3940 1405 4012 benevo-

280 4087 396 4159 lentia
430 4091 656 4165 concessisti.
701 4086 811 4178 Quod
849 4092 990 4189 duplex
1024 4091 1245 4166 beneficium
1276 4092 1315 4164 in
1347 4114 1406 4163 me
