2918 4794
534 321 640 364 nonna
656 321 699 364 sn
714 324 798 364 amn.
814 323 919 365 xxxv.
1248 307 1287 369 99

163 472 217 530 lael
228 482 348 537 conupta
359 472 468 522 lectione
480 480 506 522 et
517 474 678 524 distinetione
690 474 789 538 decepti
799 475 888 525 lexicis
901 476 1070 525 inseruerunt:
1089 470 1287 541 „dearpaprnn'‚

162 559 261 624 pictura
272 557 298 606 in
311 558 379 606 bano.
397 557 520 606 Plinius.”
539 557 610 606 Idem
623 559 700 607 sensit
712 559 853 609 Pintianus.

200 640 254 706 [aa
275 640 318 703 78]
350 640 491 692 Semiramis
512 658 541 690 ea
561 641 651 690 annila
671 641 806 706 adipiscens
825 641 933 708 repnum]
963 644 1038 694 Voss.
1063 643 1125 694 Sem.
1147 659 1176 691 er:
1199 642 1289 693 analla
1303 653 1351 696 835

164 743 261 793 reponem
277 727 394 790 apiscens.
420 728 503 777 Probe
521 734 547 776 et
563 729 675 790 antique.
700 729 805 778 Tacitus
822 736 837 778 3
855 726 912 789 [at]
931 729 1026 778 Annei.
1049 726 1174 792 apiscendi
1187 727 1289 776 inlicitos

166 813 265 863 tanna
276 821 319 861 aut
327 810 434 875 pellendi
444 810 522 860 claros
533 811 605 861 uiros.
623 813 668 862 lib.
681 819 697 861 4
711 810 750 874 [1]
768 811 850 875 palam
867 813 1007 875 compositus
1020 813 1107 877 pudor,
1125 814 1188 862 intus
1198 829 1289 862 summa

166 895 292 961 apiscendi
308 895 389 945 libido.
412 894 609 958 Et[4,1s]qui
625 895 654 944 iel
661 896 800 958 flaminium
817 897 968 960 apisceretur.
991 899 1035 948 lib.
1049 903 1063 946 6
1082 896 1152 960 [45]:
1170 896 1231 946 nibil
1245 898 1288 945 ab·

164 989 283 1042 mentae,
295 979 350 1029 dum
363 979 530 1029 dominationis
541 980 694 1043 apisceretur.

203 1061 257 1127 [36,
271 1062 315 1126 89]
339 1062 409 1122 Quod
418 1080 513 1112 manum
526 1062 565 1112 ille
576 1063 604 1111 de
618 1063 699 1112 tabula
711 1065 809 1113 nesciret
822 1064 912 1127 tollere]
931 1066 1009 1116 Voss.
1022 1083 1068 1114 non
1080 1066 1157 1115 sciret.

202 1146 292 1211 [Isia]
309 1147 403 1205 Quanto
414 1144 476 1210 quid
483 1163 500 1195 a
511 1164 556 1210 quo
569 1146 670 1210 distare]
689 1150 764 1199 Vasa.
777 1157 865 1212 quanto
880 1149 939 1212 quid
949 1166 967 1198 a
981 1166 1071 1213 quaque
1082 1149 1173 1199 distare
1185 1150 1287 1201 deberet.

203 1231 260 1294 [86,
278 1230 323 1294 81]
350 1231 467 1281 Tabulam
483 1248 584 1296 mapnae
601 1231 776 1296 amplitudinis]
800 1235 875 1284 Voss.
894 1235 961 1285 Gan.
978 1236 1059 1285 Aead.
1084 1234 1179 1298 amplae
1196 1236 1288 1300 mapni-

166 1314 263 1367 tudinis.

203 1399 256 1464 [38,
269 1398 314 1463 83]
337 1397 409 1450 Nibil
421 1398 492 1448 aliud
506 1400 656 1448 continentem
672 1417 744 1464 quam
760 1400 836 1450 lineas
852 1403 926 1451 visum
944 1402 1093 1468 effupientes]
1121 1405 1195 1453 Voss.
1217 1420 1287 1467 quam

166 1487 192 1535 in
208 1483 290 1534 &aaa
312 1485 404 1536 Voluit
424 1501 495 1548 quam
514 1483 562 1533 III
581 1484 656 1533 lineas
677 1488 730 1535 sive
752 1495 799 1535 tres
816 1486 898 1536 lineas.
925 1487 976 1538 Sed
992 1503 1046 1537 non
1064 1489 1187 1538 hactenus
1205 1493 1288 1539 solum

166 1571 266 1621 laborat
276 1572 357 1620 locus.
381 1570 424 1621 Sic
436 1571 504 1619 enim
517 1570 606 1619 Voss:
627 1568 792 1634 Consumptam
809 1587 861 1618 eam
870 1571 953 1634 priore
964 1571 1072 1621 incendio
1087 1570 1197 1621 Caesaris
1209 1571 1290 1622 domus

166 1653 193 1701 in
208 1652 301 1716 palatio
316 1653 376 1702 audi
390 1660 520 1718 spectatam
536 1653 602 1701 nobis
619 1661 674 1701 ante
693 1655 798 1716 spatiose
818 1654 878 1704 nibil
898 1655 966 1705 aliud
985 1657 1146 1706 continentem.
1173 1659 1289 1722 Interpo-

166 1747 272 1789 suernnt
283 1745 375 1787 constat
390 1746 416 1788 et
432 1737 575 1802 spatiosiore
586 1736 750 1799 arnplitudine.
775 1739 825 1789 Sed
838 1742 956 1790 videntur
968 1743 1083 1792 debuisse
1095 1744 1209 1791 reddere:
1231 1740 1289 1790 Con.

165 1828 283 1884 sumptam
299 1838 350 1870 eam
365 1821 447 1885 priore
463 1819 569 1869 incendio
590 1818 723 1869 Caesareae
739 1820 821 1870 domus
836 1823 860 1871 in
872 1823 974 1872 Palatio
986 1823 1065 1885 audio,
1083 1832 1212 1886 spectatam
1225 1823 1288 1884 olim,

167 1913 234 1953 tanto
244 1907 322 1969 spatio
334 1905 395 1954 nibil
411 1904 478 1954 aliud
495 1905 647 1955 continentem
663 1921 734 1968 quam
752 1913 799 1954 tres
815 1905 897 1956 lineas.
919 1908 1034 1957 Incendii
1049 1908 1183 1957 Palatinae
1200 1910 1289 1958 domne

166 1991 283 2041 meminit
302 1990 438 2041 Suetonius
460 1990 551 2040 Oetae.
569 1994 608 2040 57.
635 1987 666 2037 In
683 1989 850 2038 restitutionem
867 1990 1000 2040 Palatinae
1020 1990 1102 2041 domus
1122 1991 1228 2041 incendio
1245 1993 1288 2040 ab·

165 2082 282 2137 sumptae.
305 2075 381 2136 Quod
396 2076 450 2126 sive
466 2075 535 2138 prius
552 2076 604 2124 sive
619 2076 746 2137 posterius
757 2075 813 2137 fuit,
832 2084 943 2126 aetatem
953 2078 1030 2126 Plinii
1043 2077 1185 2127 antecessit.
1213 2077 1289 2126 Tanto

166 2158 247 2222 spata
258 2167 284 2209 et
294 2161 436 2210 Pintianus.

203 2239 257 2304 [³b‚
274 2241 318 2306 85]
345 2243 424 2306 Nam,
446 2251 473 2292 ut
489 2243 602 2304 dirimas,
624 2246 654 2293 ab
671 2244 719 2293 alio
737 2245 810 2309 pinpi
824 2261 849 2294 se
866 2246 939 2294 uetuit
954 2245 1041 2309 edicto]
1069 2250 1199 2298 Edebatnr
1215 2257 1290 2299 autea

166 2326 240 2376 uetuit
256 2325 383 2377 meeterato
403 2327 486 2378 edicto.
513 2329 624 2380 Sustulit
644 2326 674 2377 τὸ
692 2329 822 2379 inveterato
839 2330 968 2382 Gelenius.
996 2331 1047 2382 Sed
1068 2340 1094 2381 et
1110 2333 1289 2394 corrigendum

167 2419 281 2461 aemam.
298 2413 342 2464 sic
355 2415 421 2462 enim
434 2415 586 2464 Vossianus:
606 2429 669 2475 nam,
682 2422 708 2463 ut
720 2414 832 2478 diximus,
844 2416 876 2463 ab
888 2415 936 2464 alio
946 2416 1017 2480 pinpi
1027 2431 1052 2464 se
1064 2424 1169 2465 uetumat
1180 2416 1263 2466 edicto.

204 2494 257 2558 [³⁸2
270 2494 314 2559 88]
336 2495 475 2546 Alexander
490 2499 513 2547 ei
528 2479 786 2548 tonneniclarasimo
799 2501 912 2563 praebuit
922 2499 1038 2564 exemplo]
1057 2496 1134 2552 Voss.
1147 2517 1289 2565 quamquam

167 2580 308 2631 Alexander
324 2582 431 2632 bonorem
448 2592 471 2632 et
486 2583 617 2633 clarissima
630 2584 753 2648 perbibuit
768 2584 880 2650 exemplo.
902 2588 972 2650 Lege
988 2586 1094 2635 bonorem
1112 2588 1140 2639 ei.
1163 2591 1208 2639 lib.
1223 2595 1289 2646 19‚4

168 2666 223 2730 [19,
243 2665 298 2729 59]ε
326 2683 397 2731 quam
414 2668 446 2716 sit
463 2667 559 2729 difficile
576 2670 697 2719 verborum
715 2669 823 2720 bonorem
842 2679 889 2719 tam
904 2671 990 2735 parnis
1004 2671 1135 2735 perbibere.
1160 2673 1202 2722 lib.
1220 2679 1287 2733 991

169 2749 207 2814 [9,
220 2750 278 2814 99]ε
299 2753 364 2800 obsto
379 2760 405 2800 nt
421 2753 490 2800 rebus
503 2754 638 2818 praecipuis
655 2753 727 2805 banos
738 2756 762 2804 in
776 2756 863 2820 primis
872 2757 1032 2820 perbibeatur.
1054 2759 1152 2808 Eodem
1164 2758 1207 2807 lib.
1221 2762 1261 2820 29,
1275 2763 1289 2806 6

169 2834 224 2898 [aa
239 2835 312 2898 1³8]:
330 2834 450 2900 Mapnam
462 2837 623 2886 aucwmmtem
635 2837 689 2888 buie
703 2840 806 2889 animali
812 2840 920 2905 perbibet
930 2841 1051 2906 Nipidins.

204 2919 257 2982 [98
270 2920 315 2984 88]
337 2920 430 2978 Quanti
446 2920 576 2970 licitaretur
587 2938 660 2985 opera
672 2924 768 2986 effecta]
787 2926 862 2974 Voss.
877 2925 962 2974 liceret.
980 2942 1041 2976 nam
1054 2936 1079 2975 et
1090 2927 1206 2976 venditor
1222 2925 1291 2974 licere

169 3005 268 3056 dieitur.
292 3000 432 3057 Suetonius'
446 3007 528 3070 Calig.
546 3011 588 3057 38.
611 3007 720 3055 monitum
738 3024 754 3055 a
773 3006 830 3056 Caio
843 3025 991 3072 macconem,
1008 3026 1037 3057 ne
1049 3011 1199 3072 praetorium
1217 3011 1290 3058 uirum

169 3092 251 3139 crebro
266 3092 353 3155 capitis
368 3100 430 3141 motu
447 3099 566 3141 nutantem
584 3091 632 3140 sibi
643 3092 794 3154 praeteriret,
811 3108 852 3141 nec
864 3090 1033 3155 licendisinem
1043 3094 1148 3156 factem.
1167 3095 1291 3144 Martialis

168 3175 214 3224 lib.
228 3181 249 3226 8.
269 3177 346 3241 epigr.
361 3181 392 3227 66
412 3174 465 3238 [4]:
491 3174 611 3226 Vendebat
630 3174 698 3224 modo
714 3191 804 3239 praeco
822 3175 954 3226 Gellianus.
978 3177 1062 3226 Parvo
1082 3192 1133 3224 cum
1151 3176 1229 3239 pretio
1250 3175 1291 3226 diu

170 3257 258 3308 liceret.
276 3261 318 3312 Sic
330 3263 406 3311 etiam
419 3262 502 3311 codex
513 3261 632 3311 Pintiani.

206 3341 293 3407 [Ibin]
320 3345 364 3394 Aa
384 3344 467 3394 bellum
481 3345 638 3408 festinantem
656 3353 679 3393 et
694 3344 717 3393 ei
731 3343 825 3409 paleam
839 3343 957 3409 poscenti]
984 3346 1060 3395 Voss.
1076 3347 1231 3408 festinantem
1248 3362 1292 3410 pa·

171 3425 277 3490 mque
285 3432 391 3492 pascenti
402 3429 545 3494 armiperum
555 3429 720 3494 porripentem.
744 3430 877 3480 Pintianus
889 3425 922 3478 τὰ
935 3439 958 3478 et
968 3430 991 3478 ei
1002 3433 1126 3481 demenda
1137 3437 1211 3480 notat
1221 3431 1292 3480 iussu

170 3514 338 3564 vetetislibri.

206 3593 260 3656 [86,
271 3596 314 3660 94]
328 3598 413 3647 Ptine
425 3606 447 3646 et
459 3597 542 3649 Herna
555 3595 653 3659 nudum]
664 3598 741 3648 Voss.
754 3596 943 3647 beroanumdum.
961 3600 1005 3648 An
1015 3599 1170 3661 Hanunea,
1182 3599 1293 3649 Leandri

170 3693 271 3730 amores
283 3682 344 3731 anili
356 3684 446 3746 speeie,
465 3684 492 3731 in
505 3698 556 3745 qua
568 3682 665 3731 seilicet
675 3682 798 3746 pristinae
809 3683 908 3732 formae
919 3684 1042 3745 reliquiae
1054 3685 1222 3747 apparerent?
1238 3683 1293 3734 Nisi

170 3772 258 3812 tamen
274 3764 342 3814 Hero
357 3765 452 3816 nudam.
475 3767 558 3816 Acad.
576 3775 602 3815 et
619 3766 685 3816 Gud.
702 3766 769 3816 Hero
786 3774 808 3814 et
820 3765 941 3815 leandrum
953 3766 988 3815 ad
998 3783 1068 3830 quam
1078 3768 1205 3830 picturam.
1224 3768 1293 3816 Men.

170 3845 238 3896 Hero
250 3856 273 3895 et
284 3849 423 3900 alcandrum
434 3849 469 3899 ad
479 3866 550 3913 quarn
560 3849 688 3912 picturam.

206 3929 260 3993 [86,
274 3931 318 3995 96]
346 3933 518 3985 Ceraunobolon
535 3933 670 3998 appellant]
697 3935 779 3985 Acad.
802 3937 985 4000 seraneoptitan.
1013 3937 1081 3987 aad.
1099 3944 1124 3986 et
1140 3936 1208 3984 Men.
1227 3949 1294 3982 oera-

170 4017 299 4079 neoptitan.
327 4018 402 4070 Voss.
423 4019 612 4069 ceraimobeitan.
642 4021 735 4081 Ponte,
755 4017 949 4070 Ceraunobolian.
973 4015 1196 4085 nepaunossoliar.
1227 4018 1293 4069 Nam

169 4101 336 4151 haecomnia
355 4105 444 4167 delere,
461 4114 583 4169 tanquam
600 4119 665 4167 quae
681 4106 731 4155 sint
743 4104 861 4155 Graeculi
879 4105 993 4168 alicuius,
1012 4115 1040 4156 ut
1056 4106 1140 4154 voluit
1151 4105 1292 4163 Pintianua

170 4185 272 4234 incivile
286 4196 331 4237 est.

1072 4271 1089 4304 1
