2918 4794
219 292 260 356 88
711 313 854 356 saonem

255 462 308 526 [19,
328 461 370 525 73]
393 461 479 513 Bedas
491 462 555 526 fecit
575 461 712 511 admuntem
734 463 827 513 Batton
848 461 996 527 Apollinem]
1019 465 1202 529 Dsleoampius
1223 466 1345 529 intelligit

219 549 324 598 Battum
337 562 423 598 senem
436 548 528 599 Ouidio
542 544 617 609 [Met.
630 554 654 608 2,
669 545 730 609 707]
744 549 770 597 in
782 549 894 612 lapidem
908 548 1016 598 indicem
1033 563 1140 598 versum.
1161 549 1214 600 Gur
1229 565 1282 600 non
1297 566 1344 615 po·

219 633 269 682 tius
280 632 446 683 Aristotelem
458 633 578 693 Battum,
596 632 753 681 conditorem
771 632 943 698 Cyrenarum,
960 633 1003 697 qui
1021 634 1122 697 auspice
1137 634 1259 697 Apolline
1275 636 1344 685 colo·

219 716 288 766 niam
305 731 336 766 eo
354 717 460 767 deduxit
471 732 485 766 8
498 717 602 789 Thera?
622 716 672 766 Sed
689 717 773 780 potius
787 716 880 767 Botton
895 732 989 768 nomen
1005 725 1044 768 est
1059 718 1170 779 artificis,
1188 718 1231 781 qui
1242 716 1344 782 Apolli·

219 815 278 852 nem
290 808 316 850 et
326 803 451 851 Iunonem
464 799 531 861 fecit,
543 784 572 850 111
583 801 646 850 vidit
657 801 882 851 excellentissimus
894 802 1026 851 Reinesins
1037 801 1099 852 Ver.
1113 808 1136 864 2,
1152 805 1174 851 7.

254 881 308 946 [19,
322 883 365 947 75]
384 882 451 933 Idem
463 883 610 933 celetizontas
623 900 712 947 pueros
720 882 796 948 fecit]
815 886 892 935 Voss.
909 878 983 936 Idem
990 893 1013 935 et
1027 883 1175 934 881818οηί88
1188 901 1274 949 pueros
1290 885 1344 936 sine

220 965 334 1032 calfecit,
347 971 417 1033 qnod
429 970 490 1019 satis
502 977 541 1019 est
551 984 614 1019 mox
625 971 696 1033 poni.
1079 1014 1083 1021 .

254 1050 308 1115 [19,
323 1050 366 1115 78]
385 1051 420 1101 Et
433 1050 518 1102 Castor
529 1052 651 1103 81Ρ81188
663 1061 718 1102 onte
729 1053 811 1102 aedem
823 1053 892 1104 Iouis
908 1053 1034 1117 Tonantis]
1050 1055 1135 1106 ‘Acad.
1157 1054 1271 1104 Tonantis
1282 1070 1343 1119 aqa-

219 1153 264 1188 sce.
283 1138 348 1189 Gnd.
363 1147 388 1188 et
399 1139 503 1202 Menap.
517 1137 633 1187 Tonantis
645 1138 731 1202 aquia
749 1139 826 1189 Voss.
843 1139 958 1198 Tonantis
969 1139 1090 1203 lopesioe.
1108 1139 1149 1188 Ita
1161 1152 1221 1202 ergo
1234 1139 1343 1188 scriben-

221 1224 293 1272 dum:
310 1230 333 1271 et
352 1220 436 1271 Castor
453 1231 476 1270 et
491 1221 580 1271 Pollux
596 1229 652 1271 ante
668 1221 750 1270 amem
761 1221 826 1271 Iouis
842 1222 957 1272 Tonantio
968 1223 1101 1287 Hapesiae.
1120 1237 1212 1287 nempe
1228 1222 1344 1273 statuarii

219 1308 364 1357 laudantur.
384 1307 557 1368 Quintilianus
568 1307 613 1356 lib.
628 1312 666 1356 tn.
685 1307 769 1357 Instit.
783 1322 837 1371 cap.
853 1312 884 1357 to
898 1306 924 1369 [§
939 1305 979 1368 l]:
996 1306 1063 1357 Nam
1079 1305 1179 1355 duriora
1190 1313 1213 1354 et
1228 1304 1344 1355 Tuscani-

220 1391 255 1439 cis
263 1390 377 1454 proxima
392 1387 449 1439 Colo
461 1399 531 1452 atque
542 1389 670 1454 Hepesias,
683 1390 731 1438 ium
743 1389 820 1438 minus
831 1389 914 1453 riyido
928 1387 1042 1451 Calamis,
1060 1389 1169 1440 molliora
1180 1388 1258 1439 adduc
1269 1406 1344 1454 snpra

221 1471 291 1522 dictis
308 1473 399 1538 Myron
406 1473 477 1536 fecit.
503 1473 582 1537 Lapis
598 1473 625 1523 in
642 1474 747 1523 aedibus
764 1474 852 1524 Witaii
868 1475 916 1523 viri
933 1475 1073 1525 consularis
1088 1475 1291 1525 Amstelaedami
1309 1489 1343 1524 ex

221 1557 286 1609 Asia
298 1559 427 1608 advectus:

299 1635 409 1692 ΓΑΙθΝ
418 1635 621 1691 BIAAIHNON
632 1635 740 1691 ΓΑΙθΥ
750 1636 774 1691 Y
770 1636 835 1692 ION
845 1636 1032 1693 ΠΡΕΣΒΕΥΤ
1031 1635 1082 1693 ΗΝ

302 1720 468 1776 ΡΩΜΑΙΩΝ
479 1719 519 1776 01
527 1720 577 1775 ΕΝ
589 1719 702 1775 ΔΗΛΩΙ
709 1717 963 1778 EPFAZOMENOI
972 1720 1194 1777 ΕΥΕΡΓΕΣΙΑΣ

300 1805 450 1862 ΕΝΕΚΕΝ
464 1804 532 1860 ΤΗΣ
542 1805 603 1860 ΕΙΣ
613 1805 707 1862 Em
706 1806 754 1861 ΟΥ
750 1806 774 1859 Σ
783 1804 980 1861 ΑΝΕθΗΚΑΝ

301 1889 454 1946 ΑΓΑΣΙΑΣ
464 1889 837 1945 ΜΗΝΟΦΙΛΟΥΕΦΕΣΙΟΣ
846 1889 975 1945 EIIOIEI

302 1974 551 2030 ΑΡΙΣΤΑΝΔΡΟΣ
562 1974 678 2030 illotis
693 1975 824 2029 llAPlot
833 1974 1101 2031 ΕΠΕΣΚΕΥΑΣΕΝ.

225 2066 289 2130 [etr.
303 2067 384 2129 Sillig.
399 2064 561 2116 0818181111.
575 2080 599 2128 p.
612 2063 683 2126 955]
702 2065 830 2126 Agnoscit
841 2075 867 2114 81
878 2066 1033 2116 Hermolaus
1044 2065 1156 2130 Aperiae,
1169 2075 1194 2116 et
1211 2080 1244 2117 ex
1261 2080 1290 2117 eo
1307 2067 1343 2118 fa-

223 2153 257 2201 cit
268 2150 394 2214 Heqesioe.
412 2149 503 2213 Itaque
514 2150 600 2209 miror,
614 2149 670 2210 quis
682 2149 709 2198 id
721 2163 815 2199 nomen
829 2150 958 2198 deleverit.

258 2233 312 2299 [19,
325 2231 369 2296 8ο]
389 2232 541 2284 Menaechmi
553 2231 631 2281 vultus
646 2248 708 2297 penu
716 2230 846 2297 premitur]
865 2234 941 2283 Voss.
954 2232 1022 2284 (iud.
1034 2234 1115 2284 Acad.
1128 2235 1231 2298 Menap.
1244 2233 1344 2285 Menae-

223 2317 282 2368 clim
295 2316 390 2367 uitulus.

258 2401 311 2466 [19,
325 2400 369 2465 89]
388 2402 482 2453 Brutus
493 2400 657 2466 Piilippensis
668 2401 803 2465 copnomine
814 2417 856 2450 suo
867 2399 1008 2464 illustrauit]
1026 2403 1090 2452 Post
1106 2405 1172 2465 11888Ι
1188 2404 1266 2453 verba
1283 2417 1344 2453 eon-

223 2490 334 2538 tinenter
350 2490 376 2536 in
393 2487 461 2539 eud.
474 2488 543 2536 Men.
556 2488 639 2537 Acad.
658 2489 773 2550 quamvis
790 2488 879 2537 mediis
895 2487 994 2550 paginis
1012 2494 1153 2551 sequuntur
1169 2486 1234 2550 quod
1249 2487 1345 2552 caepim

215 2573 306 2636 fecisse
319 2571 419 2622 bonitati
427 2571 554 2635 plurimum
566 2572 664 2634 confert,
676 2573 703 2621 in
715 2572 806 2635 quibus
818 2573 906 2621 finitur
915 2573 966 2620 hoc
977 2579 1061 2635 caput.
1080 2571 1216 2621 Interiectu
1229 2572 1327 2622 desunt.

258 2657 312 2721 [19,
326 2655 371 2718 86]
390 2654 491 2719 Apellae
508 2662 531 2703 et
547 2654 676 2704 morantes
684 2655 807 2718 foeminas
818 2654 953 2718 Antiponus
965 2653 1164 2719 Periuyomenon]
1183 2657 1345 2716 Hermolaus,

223 2740 323 2790 anhelas
334 2749 357 2788 et
368 2739 507 2788 odorantes:
530 2741 572 2788 vel
586 2738 694 2802 plebeias
712 2747 734 2787 et
750 2737 886 2788 odoramen
909 2739 985 2788 Voss.
1002 2736 1104 2801 Apelles
1119 2738 1163 2788 sed
1177 2738 1306 2788 colorantes
1320 2756 1346 2788 se

215 2827 339 2888 foeminas
351 2823 495 2890 Antianotns
506 2831 529 2871 et
541 2822 666 2873 luctatores
673 2838 856 2889 peroapmenon.
874 2825 961 2886 Forte,
973 2820 1075 2886 Apellae
1085 2821 1179 2871 Ledam
1197 2831 1219 2871 et
1235 2831 1346 2872 ornantes

224 2909 384 2972 sesoeminos.

258 2994 312 3059 [19‚
331 2993 374 3057 88]
394 2993 483 3059 Mycon
499 2992 594 3043 otiletts
609 2991 738 3058 spectatus]
757 2994 835 3043 Voss.
853 2999 981 3056 spectatur,
998 2999 1028 3042 ut
1044 2991 1088 3041 lib.
1105 2997 1146 3052 85,
1162 2996 1188 3040 ll
1206 2990 1258 3053 [40,
1272 2989 1343 3052 141]:

223 3078 336 3129 Eudorus
347 3095 418 3128 scena
430 3087 555 3142 spectatur.

259 3163 313 3228 [19,
326 3162 370 3226 89]
389 3163 522 3213 Pisicrates
535 3162 604 3226 bique
615 3161 688 3211 Pitlo
704 3160 823 3210 mulierem
839 3158 959 3224 imposuit]
982 3161 1058 3210 Voss.
1080 3159 1209 3223 Tisipratis
1225 3158 1293 3223 bipoe
1307 3159 1346 3221 pi-

224 3258 283 3299 ston.
302 3249 353 3300 Sed
365 3250 479 3298 nondum
490 3248 564 3297 locus
580 3245 702 3307 Tl'sicrati‚
720 3261 778 3296 cum
795 3247 910 3294 ordinem
927 3245 1067 3309 primarum
1080 3243 1211 3293 literarum
1223 3243 1250 3291 in
1262 3244 1345 3292 nomi·

225 3335 298 3383 nibus
309 3340 438 3396 sequatur.
463 3332 535 3393 Quae
548 3339 633 3380 autem
645 3329 729 3378 mulier
740 3330 786 3379 illa
797 3328 887 3379 Pitloi
906 3329 1059 3379 Hermolaus
1072 3327 1182 3377 Suadam
1195 3328 1347 3390 interpreta-

224 3427 266 3467 tur
283 3426 328 3467 aut
343 3418 482 3478 legendum
493 3415 569 3475 Pisto,
589 3430 653 3478 quae
671 3414 703 3464 sit
716 3413 867 3464 Credulitas.
889 3413 1073 3475 Dalccampius
1088 3426 1141 3460 non
1155 3406 1302 3476 μελίγηρυν
1321 3418 1347 3460 81

224 3503 388 3552 flexanimam
401 3501 521 3561 Suadam,
534 3503 579 3550 sed
587 3500 699 3550 Dianam
710 3499 863 3561 cognomine
875 3497 920 3546 tuli
932 3497 964 3546 ab
973 3497 1175 3559 Hypermnestra
1186 3495 1296 3544 dicatam
1307 3495 1347 3542 in·

225 3586 390 3649 telligendam
402 3592 496 3644 monet,
510 3589 574 3633 teste
586 3584 722 3632 Pausania.
739 3581 877 3644 Nunquam
887 3594 943 3629 eam
952 3579 1050 3629 Plinius
1059 3578 1133 3628 Pttno
1142 3575 1260 3626 molarem
1265 3578 1348 3625 dixis·

225 3679 271 3722 set.
289 3670 419 3734 Suspicor,
433 3670 503 3732 quod
514 3669 583 3733 prius
596 3676 642 3728 est,
653 3682 707 3716 non
719 3680 774 3715 esse
782 3680 877 3714 nomen
890 3665 999 3725 8111111818,
1012 3665 1055 3713 sed
1069 3665 1153 3727 operis
1165 3675 1199 3711 ex
1209 3661 1268 3721 illis,
1281 3674 1347 3722 quae

226 3755 286 3806 fecit
296 3755 439 3815 Niceratus,
452 3761 477 3802 et
489 3754 616 3817 scripsisse
628 3752 752 3802 Plinium:
768 3749 899 3800 Rsistrati
915 3749 983 3812 bipae
993 3747 1082 3812 Plyan
1098 3746 1217 3796 mulierem
1230 3744 1347 3808 imposuit.

225 3841 339 3891 Historia
355 3848 394 3890 est
410 3839 479 3902 apud
494 3838 656 3887 Herodotum
671 3837 736 3886 libro
752 3836 834 3898 primo
853 3833 921 3897 [cap.
935 3831 989 3894 60].
1017 3832 1136 3882 Valerius
1151 3830 1282 3882 Maximus
1297 3832 1347 3888 1‚2

227 3923 336 3987 [extem.
349 3923 391 3987 2]:
409 3923 555 3972 Pisistratus
566 3920 592 3968 in
603 3918 767 3984 recuperando
780 3916 912 3983 tyromide,
933 3933 1004 3981 quam
1017 3917 1139 3977 amiserat,
1150 3913 1298 3964 simulatione
1310 3927 1347 3959 re-

227 4007 331 4058 ducentis
346 4025 371 4059 se
388 4008 413 4057 in
430 4022 507 4056 arcem
525 4005 652 4055 Mineruae
668 4011 703 4052 est
719 4019 789 4051 usus:
809 4018 860 4051 eum
873 4018 919 4066 per
935 4000 1110 4049 ostentationem
1127 3999 1223 4064 ipnotae
1234 3995 1348 4054 mulieris,

227 4107 288 4154 quoe
299 4092 371 4157 Plya
383 4090 651 4152 vocabatur,sormatae
663 4086 699 4136 ad
709 4085 813 4135 luditum
825 4084 961 4145 Mineruae,
974 4083 1129 4132 Athenienses
1141 4082 1266 4147 deciperet.

164 4179 212 4227 stt
261 4173 316 4238 [te‚
330 4176 374 4239 91]
392 4177 538 4240 Protopenes
553 4171 613 4222 mem
627 4173 726 4236 pictura
742 4169 897 4233 clarissimus]
916 4170 1065 4232 Exquisitus
1077 4170 1230 4219 Vossianus:
1239 4165 1350 4231 picturae

227 4257 382 4321 clarissimae,
401 4268 432 4312 ut
444 4261 489 4312 lib.
502 4265 544 4320 et,
557 4265 573 4308 4
587 4254 624 4320 [7,
638 4253 681 4318 19]
695 4255 771 4305 Fabii
782 4253 931 4304 clarissimae
941 4252 1025 4318 988118.
