2918 4794
605 315 851 359 PROLEGOHRM·
1219 313 1289 356 XXV

208 465 289 532 Item
312 464 453 553 syllabae
466 464 517 529 bis
531 463 656 550 positae
670 462 884 548 reperiuntur,
907 483 980 526 cum
994 462 1192 545 antiquarius
1205 483 1287 549 neg-

167 577 248 642 lecto
269 585 406 662 puncto,
437 574 524 659 quod
546 572 770 660 compendium
793 572 951 638 scribendi
973 571 1144 649 indicaret,
1174 571 1288 636 iterum

168 684 322 771 syllabam
351 684 500 750 omissam
527 694 701 771 repeteret,
733 693 769 748 ut
800 682 989 747 afferamus:
1027 679 1223 768 ..b·[us]us
1255 704 1288 767 p.

167 796 197 874 8,
221 795 273 874 22,
296 793 489 882 -q·[ue]ue
511 817 543 879 p.
567 795 619 872 69,
643 795 672 858 5.

213 903 371 970 Graviore
393 926 469 971 vero
491 925 596 969 errore
617 904 778 990 integrum
792 902 922 986 aliquod
937 902 1128 968 vocabulum
1142 903 1192 968 vel
1206 902 1287 967 adeo

166 1015 259 1101 plura
279 1016 413 1101 repetita
435 1026 520 1094 sunt,
547 1036 630 1098 quae
650 1013 685 1077 in
707 1011 778 1077 aliis
799 1032 925 1097 quoque
946 1034 1023 1077 mss.
1046 1011 1289 1098 deprehendun-

167 1137 220 1190 tur
241 1134 273 1190 et
293 1136 551 1212 paragrammata
571 1135 742 1199 vocantur;
764 1133 802 1188 ut
823 1121 979 1208 exemplis
1000 1131 1144 1187 utamur:
1174 1125 1291 1186 teaitw

167 1237 283 1301 tacitus·
302 1256 334 1321 p.
358 1236 430 1313 184,
454 1236 485 1312 5,
511 1236 614 1322 asiptis
639 1235 741 1320 niqra
770 1255 802 1319 p.
825 1233 899 1312 239,
923 1234 953 1310 6,
979 1243 1014 1297 ut
1040 1242 1076 1295 ut
1103 1255 1135 1318 p.
1160 1232 1234 1311 235,
1257 1234 1289 1310 2,

167 1348 349 1432 caprimum
369 1347 549 1432 exprimunt
572 1367 604 1429 p.
627 1343 701 1421 239,
724 1345 755 1422 1,
783 1344 895 1410 hiemis
917 1343 1026 1428 quales
1047 1343 1159 1407 hiemis
1181 1343 1291 1428 quales

166 1477 199 1542 p.
221 1456 293 1533 167,
313 1457 344 1534 2,
371 1458 475 1544 pipnit
496 1458 582 1542 qaod
597 1456 701 1541 qipait
720 1457 807 1540 quod
826 1477 859 1540 p.
883 1454 956 1531 176,
978 1453 1030 1530 10,
1053 1453 1165 1537 quibua
1182 1475 1291 1538 paroc

166 1566 302 1630 nobilem
322 1567 434 1651 quibas
443 1588 552 1652 parva
565 1565 703 1631 nobilem
718 1585 750 1649 p.
767 1565 818 1644 75,
833 1563 883 1628 25.
907 1565 959 1627 26.
987 1563 1118 1628 arbores
1139 1583 1203 1651 uon
1216 1563 1291 1650 fere

167 1676 382 1741 arborescere
395 1677 470 1764 fere
491 1697 524 1760 p.
541 1676 613 1752 153,
629 1677 681 1753 22,
704 1675 788 1739 alius
808 1685 843 1738 ut
864 1685 1016 1760 quantum
1036 1674 1149 1738 biberit
1170 1683 1291 1736 tuntum

167 1837 207 1848 ..
228 1786 311 1850 alias
330 1798 365 1851 ut
384 1798 537 1871 quantum
558 1786 671 1850 biberit
689 1796 809 1850 tantum
831 1806 863 1870 p.
886 1786 960 1861 217,
984 1785 1035 1862 14,
1064 1784 1213 1869 antipatro
1237 1805 1290 1868 cy·

168 1916 258 1959 maso
282 1907 355 1974 cet,
379 1898 528 1983 antipoao
552 1916 679 1981 εῃεηεεο
701 1918 734 1981 p.
757 1896 830 1972 227,
854 1895 872 1958 6
895 1914 983 1977 seqq.

211 2002 416 2090 Quamquam
437 2029 516 2073 vero
538 2004 641 2072 codex
660 2006 754 2091 lapsu
774 2003 887 2069 calami
903 2004 1030 2091 saepius
1045 2014 1094 2068 est
1107 2011 1289 2087 corruptus,

166 2125 307 2180 attamen
332 2137 436 2200 neque
459 2115 604 2181 socordia
631 2136 736 2198 neque
766 2114 973 2180 tumultuaria
995 2134 1093 2202 opera
1113 2113 1290 2190 confectus,

168 2223 224 2286 sed
245 2222 287 2287 ab
310 2224 421 2290 eodem
436 2225 615 2308 antiquario
629 2224 780 2288 secundis
801 2226 886 2288 curis
902 2224 1087 2288 emendatus
1102 2235 1160 2288 est.
1183 2223 1222 2287 In
1243 2224 1291 2287 ul·

169 2331 247 2395 tima
267 2331 352 2395 enim
373 2333 494 2420 pagina
514 2330 589 2397 libri
610 2331 713 2396 XIII.
736 2353 768 2415 p.
787 2334 861 2409 176,
875 2334 917 2395 24
936 2354 969 2394 n.
985 2332 1035 2395 ed.
1058 2330 1196 2415 obliquis
1217 2332 1289 2396 lite·

166 2441 221 2519 ris,
245 2462 382 2526 quarum
403 2464 482 2508 usus
503 2442 538 2506 in
559 2442 742 2529 diplomatis
759 2441 878 2506 saeculi
891 2440 996 2525 quinti
1011 2463 1083 2507 esse
1098 2442 1188 2520 solet,
1211 2441 1290 2506 haec

167 2573 230 2616 vox
258 2551 420 2640 adscripta
440 2553 575 2639 legitur:
607 2550 803 2639 emenda[cs]
832 2552 899 2617 soil.
921 2552 1055 2630 librum,
1084 2551 1172 2636 quod
1193 2573 1289 2617 voca-

165 2662 277 2728 bulum
298 2663 409 2728 eadem
429 2685 528 2729 manu
549 2663 695 2728 additum
716 2672 774 2741 est,
802 2684 884 2746 quae
904 2672 1006 2728 totum
1032 2661 1118 2728 hunc
1145 2662 1289 2728 codicem

166 2772 312 2838 exaravit
332 2784 429 2858 atque
451 2774 598 2841 correxit.
635 2772 690 2837 Ex
716 2795 781 2857 quo
808 2774 1015 2858 consequitur
1041 2772 1083 2838 ab
1109 2772 1288 2858 antiquario

165 2882 237 2969 ipso
259 2885 498 2950 emendationes
519 2885 595 2951 libri
616 2906 688 2950 esse
709 2884 822 2950 factas.
849 2883 1031 2949 Identidem
1052 2905 1093 2948 ex
1113 2882 1174 2948 hac
1195 2905 1286 2948 men-

167 2993 279 3057 dorum
306 2995 502 3059 correctione
533 2994 635 3078 liquet
664 3015 748 3073 eum,
780 2995 837 3078 qui
863 2993 981 3058 librum
1010 2994 1220 3080 transcripsit,
1257 3005 1290 3060 et

167 3101 267 3167 latine
288 3111 321 3165 et
346 3123 463 3188 graece
484 3103 615 3167 doctum
643 3104 742 3167 luisse
772 3103 1057 3190 apographumque
1080 3125 1153 3168 cum
1176 3104 1289 3170 arohe-

167 3222 244 3296 typo
267 3209 451 3289 contulisse,
478 3210 577 3296 quod,
602 3222 640 3276 ut
661 3234 702 3281 ex
723 3212 910 3298 apographo
931 3212 1102 3301 colligitur,
1131 3215 1288 3300 optimum

167 3332 199 3386 et
227 3321 484 3404 antiquissimum
512 3323 675 3410 exemplar
702 3323 845 3388 omnium
873 3335 1030 3409 quotquot
1051 3336 1178 3389 exstant
1199 3324 1289 3391 ccdi-

167 3454 240 3497 cum
254 3432 477 3498 Plinianorum
500 3432 601 3499 fuisse
623 3455 812 3519 persuasum
832 3433 1016 3500 habeamus.
1040 3432 1209 3501 Secundae
1229 3459 1288 3501 nu-

168 3553 230 3607 tem
243 3540 329 3608 illius
345 3564 441 3608 curae
454 3564 536 3627 quae
549 3544 645 3609 fuerit
658 3544 751 3623 ratio,
769 3545 882 3630 paucis
896 3545 1104 3610 indicandum
1118 3547 1211 3612 nobis
1228 3558 1288 3611 est.

208 3651 410 3719 Emendator
424 3654 509 3718 enim
525 3675 780 3740 supervacaneas
796 3655 904 3721 literas
921 3657 973 3721 vel
988 3656 1114 3722 lineolis
1133 3656 1288 3721 traductis

166 3764 217 3827 vel
232 3763 361 3848 punctis
375 3762 536 3850 impositis
550 3765 682 3843 notavit,
701 3765 786 3830 idem
802 3766 901 3831 falsas
917 3767 1034 3832 delevit
1049 3789 1080 3851 p.
1093 3767 1144 3842 66,
1158 3767 1187 3830 6.
1214 3768 1285 3845 100,

167 3876 218 3939 25.
243 3875 313 3951 132,
330 3874 359 3939 5.
385 3875 456 3953 167,
478 3875 520 3939 20
542 3887 639 3958 atque
661 3885 764 3940 rectas
786 3875 925 3940 restituit
946 3899 979 3961 p.
1003 3879 1074 3953 167,
1091 3876 1121 3953 9,
1145 3877 1285 3962 syllabas

167 3984 301 4049 omissas
323 3983 439 4050 adiecit
460 4007 492 4070 p.
514 3986 587 4062 197,
608 3985 637 4050 9.
667 3986 738 4063 199,
761 3986 811 4050 16.
842 3985 914 4063 204,
934 3986 963 4050 2.
995 3987 1065 4065 151,
1088 3989 1119 4051 3.
1144 3989 1216 4065 166,
1231 3989 1284 4066 22,

168 4104 200 4159 et
227 4095 389 4182 neglectas
415 4094 570 4160 orationis
596 4095 771 4180 particulas
799 4095 923 4160 addidit
952 4120 983 4183 p.
1010 4097 1065 4174 15,
1087 4101 1137 4163 27.
1161 4100 1286 4176 211,1.

167 4203 239 4281 230,
263 4206 292 4268 1.
